2768 4876
205 1400 564 1486 PRAELECTIO
593 1404 881 1485 VIGESIMA
911 1405 1151 1485 TERTIA.

164 1990 349 2062 deperduntm
368 2011 424 2064 que
442 1995 518 2048 tabet
535 1996 680 2064 AEscdyiua
698 1996 734 2049 ad
749 1996 860 2049 indolem
880 1995 1025 2048 muliebrem
1037 1996 1208 2066 pertinentia,

191 2081 291 2147 partim
314 2098 345 2134 ee
364 2081 541 2152 inspersere
563 2083 592 2134 iu
613 2083 763 2136 Prometheo
785 2084 887 2146 Virrio,
908 2083 1043 2136 munimem
1065 2090 1169 2153 partem
1193 2101 1207 2135 e

196 2166 368 2237 Suppiieibus.

253 2370 329 2442 ΟΝ
352 2374 497 2444 defuere
514 2373 570 2444 vel
597 2373 750 2464 antiquis
776 2373 994 2465 temporibus
1016 2372 1073 2442 vel
1099 2373 1208 2442 etiam

273 2491 410 2571 nostris
422 2489 640 2572 Academici,
652 2489 712 2580 qui
722 2487 889 2579 AEschylo
902 2498 1022 2557 nostro
1038 2498 1208 2581 negarent

165 2602 304 2671 omuino
331 2607 522 2674 teneriores
547 2605 655 2675 animi
679 2626 811 2685 sensus,
829 2611 1017 2694 totumque
1041 2605 1076 2673 id
1098 2627 1210 2696 genus

165 2716 344 2799 scribendi,
357 2721 451 2810 quod
465 2721 502 2789 in
515 2720 681 2789 foemineo
694 2718 823 2789 affectu
838 2727 945 2810 atque
959 2721 996 2788 in
1008 2720 1210 2789 domesticis

165 2841 319 2902 versatur
341 2836 504 2928 negotiis,
522 2836 694 2927 curisque.
747 2834 843 2904 Illud
861 2844 945 2916 erat,
965 2837 1096 2926 opinor,
1115 2836 1210 2926 quod

166 2945 399 3019 Athenienses
422 2953 577 3042 quidam,
594 2951 735 3042 judices
761 2972 844 3020 sane
870 2951 1004 3032 selecti,
1024 2952 1210 3020 vertebant

165 3063 194 3130 ei
211 3064 319 3147 viti03
345 3065 492 3135 minime
512 3068 611 3160 tangi
637 3065 682 3136 ab
709 3090 752 3136 eo
778 3066 896 3135 locum
919 3065 1032 3147 illum,
1051 3067 1108 3156 qui
1136 3065 1212 3158 ple-

164 3177 277 3268 risque
293 3180 491 3250 uberrimus
505 3182 654 3262 videtur,
667 3182 711 3250 de
729 3181 891 3250 infaustis
908 3181 1098 3251 mulierum
1115 3204 1212 3251 amo-

164 3293 266 3364 ribus.
308 3294 489 3366 Nimirum
502 3298 576 3389 ipse
590 3297 655 3366 sibi
673 3297 811 3388 plaudit
825 3297 918 3388 apud
931 3294 1209 3389 Aristophanem

165 3407 380 3500 AEschylus⁸²‚

266 3537 297 3590 οὐ
308 3538 344 3605 pt
357 3535 408 3600 Δί’,
420 3537 450 3591 οὐ
462 3537 575 3608 Φαίδρας
586 3538 689 3592 ἐποίουν
700 3541 806 3607 πόρνας,
818 3538 878 3592 οὑδὲ
891 3537 1052 3602 Σθενοβοίας,

266 3622 320 3676 οὐδ’
334 3620 381 3677 οἶδ’
394 3624 431 3679 εἷς
442 3624 473 3693 ἥν
484 3624 529 3678 τιν’
542 3623 573 3679 ἂν
585 3625 686 3695 {pto-av
697 3624 795 3679 πώποτ’
809 3624 919 3693 ἐποίησα
930 3627 1044 3695 γυναῖκα.

166 3737 268 3820 Quod
291 3744 415 3807 contra
439 3737 636 3830 Euripides,
653 3760 850 3831 personam,
869 3737 986 3820 credo,
1002 3760 1129 3830 gerens
1153 3761 1211 3807 eo·

165 3874 250 3933 rum,
268 3852 330 3944 qui
353 3853 499 3924 audacia
524 3854 636 3946 magis
654 3877 760 3945 quam
786 3853 958 3944 sapientia
984 3854 1214 3924 dominaban-

166 3971 221 4033 tur
237 3974 324 4036 tunc
342 3969 512 4058 temporis
529 3969 566 4037 in
583 3966 711 4038 Attico
727 3967 891 4048 Tbeatro‚

301 4095 339 4163 μὰ
351 4095 400 4159 Δΐ,
413 4097 442 4150 οὐ
454 4097 504 4168 γὰρ
518 4097 580 4166 ἐπῆν
592 4100 636 4166 τῆς
648 4096 805 4167 Ἀφροδίτης
817 4096 892 4150 οὐδέν
904 4118 957 4150 σοι.

588 4275 603 4304 ⁸
620 4267 690 4321 Rau.
707 4279 785 4336 1075.
