2768 4876
193 1337 552 1420 PRAELECTIO
586 1337 869 1421 VICESIMA
904 1337 1189 1420 SECUNDA.

169 1839 265 1893 Paucis
278 1839 433 1909 premissis,
450 1837 483 1892 de
498 1855 560 1892 nera
576 1837 760 1892 audiendorum
778 1839 918 1892 Poetarum
939 1838 1049 1902 ratione,
1068 1839 1218 1893 accuratim

203 1926 323 1994 deyimitm
340 1943 371 1978 ea
388 1924 558 1978 Eumenidum
576 1926 652 1979 initio
672 1926 750 1980 triam
768 1927 916 1979 ultimarum
939 1925 1132 1994 naqoediamm
1148 1925 1216 1978 AEs·

203 2012 273 2080 etyli
285 2011 385 2064 Neda-s.
413 2012 538 2075 Doeetur,
550 2012 617 2066 solvi
634 2030 690 2065 enm
703 2013 889 2082 provocarim
901 2012 1012 2083 quadam
1027 2012 1144 2066 Orestis:
1163 2018 1217 2064 tum

195 2099 288 2166 samias
303 2097 461 2168 disputatur,
471 2099 558 2168 primo
571 2098 602 2151 de
614 2099 703 2152 Firmis
720 2116 829 2169 quaram
846 2105 938 2153 eontra
954 2099 1107 2152 sententiam
1119 2115 1216 2169 prono·

203 2191 296 2245 eatur,-
315 2184 407 2238 deinde
418 2184 449 2237 de
460 2185 589 2255 Apolline,
606 2192 711 2239 amatore
727 2186 906 2256 provocamdi;
920 2193 1061 2256 postremo,
1077 2186 1108 2239 de
1124 2203 1153 2240 eo
1172 2204 1216 2240 en·

196 2273 243 2340 jas
254 2271 290 2325 ad
299 2271 434 2341 imperium
440 2279 609 2341 provocatur,
621 2290 673 2326 mom
684 2273 829 2343 Areopayo,
841 2272 888 2326 sed
897 2289 1015 2342 supremo
1027 2273 1099 2327 Jove.

255 2473 593 2546 GGRESSURUS
610 2478 686 2569 jam
705 2477 811 2547 hodie
829 2475 1055 2555 Eumenidas,
1073 2474 1215 2544 tertiam

278 2600 417 2683 partem
438 2592 584 2664 illustris
600 2594 773 2688 Trilogiae,
791 2596 945 2687 primum
971 2593 1129 2663 omniurn
1157 2615 1216 2662 ve·

168 2709 261 2778 niam
272 2708 505 2779 hanaavobis
515 2719 610 2801 peto,
618 2709 883 2793 Academici,ut
894 2709 1016 2779 sinatis
1026 2731 1085 2777 me
1096 2707 1215 2800 paullo

168 2824 299 2894 diutius
327 2825 364 2892 in
392 2847 434 2894 ea
459 2826 652 2916 quaestione
679 2825 820 2908 versari,
846 2848 927 2917 quae
955 2832 992 2894 et
1020 2824 1215 2894 arctissimo

167 2961 261 3009 nexu
283 2940 520 3033 conjungatur
541 2963 622 3010 enm
643 2950 854 3035 argumento
877 2948 1008 3021 nostro,
1026 2950 1064 3009 et
1080 2939 1212 3008 nemini

168 3051 357 3122 Poetarum
375 3054 508 3123 amanti
530 3078 600 3123 non
618 3053 806 3147 aliqnando
829 3056 866 3124 in
892 3063 1049 3124 mentem
1068 3055 1214 3124 venerit.

168 3170 321 3252 Etenim,
349 3192 432 3239 eum
465 3169 618 3262 primum
652 3170 882 3241 instituebam
913 3193 1091 3241 summum
1126 3170 1213 3241 illud

167 3288 259 3378 quod
276 3295 405 3355 vocant
419 3285 572 3356 Poeseos
588 3309 700 3378 genus
717 3287 893 3381 indagare,
906 3288 973 3358 hae
991 3288 1214 3379 potissimum

167 3401 230 3481 via,
248 3408 290 3469 ut
316 3400 353 3468 in
375 3401 470 3469 omni
489 3402 668 3492 scriptore,
686 3403 743 3470 eui
762 3403 906 3494 quidem
929 3427 992 3473 suo
1009 3404 1092 3495 jure
1111 3405 1215 3474 datur

166 3514 274 3584 divini
300 3515 405 3606 hujus
426 3516 578 3586 nominis
594 3516 716 3598 honor,
735 3519 966 3608 quaerendum
984 3520 1041 3601 sit,
1059 3542 1212 3610 quonam

165 3630 320 3701 maxime
350 3632 386 3699 in
416 3654 546 3725 genere
575 3632 712 3703 fervere
739 3643 777 3703 et
803 3657 848 3703 ex
881 3658 918 3705 se
948 3635 1035 3727 eripi
1064 3635 1212 3725 quisque

165 3746 275 3815 soleat
288 3769 396 3829 3-ex
427 3770 497 3838 quo
532 3747 692 3829 efficitur,
723 3757 780 3818 tot
814 3749 918 3841 plane
949 3750 1103 3819 Poeseos
1138 3751 1213 3820 fore

163 3883 301 3952 genera,
320 3870 408 3952 quot
429 3862 486 3931 vel
512 3865 767 3933 sententiarum
791 3865 847 3934 vel
873 3865 1079 3948 hominum3
1106 3865 1212 3954 (Poe-

163 3975 214 4043 sin
241 3972 348 4058 enim,
371 3979 528 4047 nativam
555 3977 651 4048 illam
671 4001 870 4071 veramque,
888 3980 975 4049 nihil
1002 4003 1079 4050 esse
1104 3981 1210 4062 aliud,

163 4113 266 4181 quam
302 4092 469 4161 intimum
499 4094 669 4185 cujusque
698 4095 867 4176 animum,
898 4105 1142 4188 erumpentem
1175 4099 1209 4166 in

164 4207 270 4277 verba
299 4229 340 4277 aa
375 4230 540 4279 numeros
553 4213 711 4301 ;)-aum
747 4211 899 4301 primum
934 4212 1023 4296 haee,
1054 4213 1209 4303 inquam,
