2768 4876
168 354 260 394 rann.
273 352 385 394 xxxix.
414 331 530 394 Mundi
544 331 674 416 origines
688 332 722 394 a'n
735 332 873 395 Pollione
888 332 1004 416 ramici.
1149 334 1213 398 787

166 524 245 570 rum
273 505 452 584 memoria,
469 518 551 572 cum
569 522 674 571 nemo
692 503 849 571 omniurn
871 508 988 570 exstet
1010 500 1211 582 Poetarum,

167 615 226 706 qui
257 634 356 708 spem
392 618 519 687 bonam
553 626 757 708 certamque
787 617 831 685 de
862 616 981 684 future
1010 615 1213 707 diligentius

167 732 296 814 foveat,
322 756 384 802 seu
409 756 473 824 per
490 734 664 814 vaticinia,
691 734 763 802 sive
789 745 852 823 pe'r
878 730 946 800 alia
972 732 1101 822 quaevis
1126 732 1213 800 divi*

166 849 273 917 nandi
299 849 452 941 general
499 849 594 932 Quid
622 848 861 918 laudatissimo
887 847 948 916 illo
976 846 1136 916 Pollione
1161 847 1211 917 fa-

166 966 261 1036 cias?
287 968 370 1058 quid
395 975 451 1037 tot
476 966 643 1048 Deorum,
665 975 720 1034 tot
745 981 918 1057 augurum
945 965 1131 1056 promissis,
1155 963 1212 1033 lric

166 1082 239 1152 illic
269 1084 395 1175 sparsis
428 1090 505 1152 tota
532 1083 692 1162 AEneide‚
720 1083 765 1151 de
791 1081 927 1151 Caesare
955 1081 1146 1172 praesertim
1175 1088 1212 1150 et

165 1200 252 1268 urbe
270 1199 455 1269 Romana?
481 1207 523 1269 ut
539 1198 767 1268 celeberrima
789 1197 850 1267 illa
872 1199 1067 1279 mittamus,
1086 1195 1212 1288 quibus

165 1323 287 1384 tamen
305 1315 457 1384 universi
479 1315 642 1384 carminis
666 1336 804 1383 summa
827 1315 983 1383 maxime
999 1313 1211 1393 continetur,

165 1431 295 1522 partim
325 1431 419 1522 apud
453 1429 588 1500 Inferos
620 1447 736 1500 coram
767 1437 971 1509 monstrata,
1001 1429 1130 1520 partim
1160 1429 1213 1496 in-

166 1546 306 1637 sculpta
322 1545 446 1638 clypeo
459 1547 614 1615 AEneae.’'
666 1545 782 1614 Immo
795 1568 878 1614 vero
896 1546 963 1615 hoc
980 1566 1084 1614 omne
1101 1566 1212 1636 genus

165 1663 217 1731 ita
242 1662 409 1731 tractavit
434 1661 615 1754 ingenium
640 1660 727 1730 illud
755 1660 896 1745 subtile,
918 1659 1077 1730 utnulla
1102 1660 1213 1752 magis

165 1787 265 1869 parte
279 1778 316 1845 in
330 1775 451 1846 oculos
463 1778 658 1846 incurreret
671 1777 729 1868 pia
740 1777 908 1868 temporis
923 1777 992 1846 acti
1007 1775 1212 1845 recordatio

216 1898 406 1992 Principio,
424 1901 518 1990 quod
544 1901 589 1969 ad
616 1898 814 1969 Pollionem
840 1901 980 1980 attinet,
1004 1899 1092 1969 nihil
1117 1899 1213 1969 aliud

167 2017 241 2109 agit
260 2015 381 2098 Poeta,
399 2017 466 2085 nisi
484 2024 525 2085 ut
543 2016 766 2085 vaticinantis
787 2016 903 2108 specie
923 2024 1067 2086 revocet
1092 2038 1214 2085 aureas

166 2129 243 2200 illas
273 2132 398 2201 rnundi
426 2132 588 2224 origines,
619 2140 657 2200 ot
687 2131 887 2202 felicissima
916 2133 1070 2201 ineuntis
1100 2132 1214 2200 aetatis

166 2248 311 2317 somnia.
364 2247 474 2342 Nihil⁴
495 2248 545 2316 lbi
577 2242 670 2328 novi,
698 2247 787 2317 nihil
816 2248 965 2318 inauditi
996 2249 1212 2339 proponitur,
1287 2264 1289 2267 ·

166 2365 259 2455 quod
277 2364 526 2456 expectatione
549 2365 661 2456 erigat
685 2372 825 2433 mentes
850 2351 1053 2433 hominum:
1081 2385 1215 2432 memo-

166 2488 242 2550 rato
261 2481 367 2550 rnodo
386 2482 605 2550 nascentium
633 2479 839 2549 saeculorum
857 2479 988 2560 ordine,
1007 2459 1215 2571 properatur

166 2596 261 2666 illico
279 2598 324 2666 ad
342 2615 449 2690 regna
468 2596 643 2679 Saturnia,
662 2604 769 2686 atque
786 2596 831 2664 ad
849 2595 1053 2665 decantatas
1076 2595 1213 2687 pristini

165 2713 258 2782 orbis
276 2709 457 2782 deliciasl‘.

308 2853 385 2911 Molli
397 2857 534 2928 paullatim
546 2857 668 2912 flavescet
681 2875 791 2927 campus
804 2857 892 2921 arista,

307 2943 471 3014 Incultisque
482 2944 582 2998 rubens
593 2943 719 3013 pendebit
731 2943 851 2996 sentibus
863 2960 924 3006 uva,¹

306 3030 342 3083 Et
353 3029 428 3083 durae
441 3047 554 3101 quercus
567 3028 703 3083 sudabunt
715 3028 820 3083 roseida
833 3029 919 3083 mella.

164 3151 451 3221 Animadvertite
485 3175 598 3242 porro,
635 3166 741 3242 quarn
775 3149 908 3232 sedulo,
943 3149 1125 3220 occasione
1159 3172 1212 3218 ar-

164 3275 274 3358 repta,
288 3269 504 3337 mentionem
523 3266 670 3338 heroum
688 3266 833 3356 injiciat,
844 3265 928 3334 orbe
943 3266 1108 3334 videlieet
1125 3287 1212 3334 non-

164 3382 250 3451 dum
268 3383 409 3473 penitus
423 3389 548 3473 pacato
560 3377 578 3449 ¹.

304 3519 379 3573 Alter
391 3518 440 3571 erit
451 3526 511 3571 tum
522 3516 633 3588 ¹Ilphys,
647 3519 765 3570 etaltera
777 3531 836 3587 quae
848 3516 927 3570 vehat
939 3511 1014 3586 Argo

304 3601 429 3654 Delectos
441 3600 551 3654 heroas:
570 3609 648 3653 erunt
661 3600 739 3653 etiam
752 3601 832 3654 altera
843 3600 921 3664 bella,

303 3681 393 3756 Atque
405 3686 501 3739 iterum
513 3684 547 3738 ad
559 3684 667 3754 Trojam
679 3703 793 3756 magnus
806 3686 925 3740 mittetur
937 3686 1063 3741 Achilles.

165 3809 285 3879 Etiam
312 3805 418 3899 pleno
440 3809 516 3899 jam
547 3815 717 3898 tempore,
747 3829 819 3876 non
849 3809 924 3877 sine
955 3808 1094 3878 vatibus
1122 3808 1212 3878 anti-

163 3924 241 4016 quis
259 3922 365 4015 digne
389 3944 464 3990 rem
488 3922 566 3991 cani
591 3942 694 4012 posse
714 3921 906 4014 significat:
939 3920 1070 3993 Linum
1087 3925 1211 4015 utique

163 4049 271 4130 atque
289 4035 433 4128 Orphea
459 4036 585 4106 lubens
610 4037 779 4119 nominat,
797 4034 940 4107 honoris
960 4060 1075 4122 causa,
1093 4039 1212 4133 fingit-

163 4178 233 4246 que
251 4176 312 4223 eos
329 4176 350 4223 a
367 4174 405 4222 se
422 4153 459 4220 in
476 4161 656 4222 certamen
672 4154 853 4243 provocari
873 4152 1034 4224 Poeseos.

314 4341 398 4396 ¹an
411 4361 437 4408 4.
452 4343 494 4395 28.
926 4342 1013 4396 llbt'd.
1026 4360 1070 4413 34.

637 4436 658 4500 3
678 4451 699 4497 s
718 4437 740 4499 2
