2768 4876
163 325 384 369 runnxxvnr.
422 305 459 368 da
475 305 603 369 ῖοοοννοτ
617 327 727 383 umore,
742 304 951 392 infaustorum
965 307 1064 370 dium.
1153 309 1218 374 57³

166 473 367 555 familiares,
376 476 475 565 qnasi
489 474 658 564 quosdam
677 475 807 546 doloris
822 478 934 546 socios
950 499 992 547 ac
1010 477 1218 568 participes;

166 611 210 658 ex
227 612 301 680 quo
320 589 482 672 efficitur,
499 598 541 659 nt
566 590 603 659 in
629 592 780 682 patriam
797 594 905 662 etiam
924 602 1033 683 atque
1054 593 1091 661 in
1114 592 1219 662 liber-

168 711 280 773 tatem
306 705 404 774 abire
423 705 525 796 jussi,
552 728 622 774 non
646 706 723 775 sine
746 727 877 798 angore
898 707 1050 798 quodam
1077 707 1219 790 abeant,

168 820 310 888 carituri
334 820 500 911 deinceps
523 820 566 888 iis
588 820 705 904 rebus,
722 844 803 912 quae
829 820 951 892 multis
976 821 1122 892 fortasse
1141 822 1217 913 jam

167 937 266 1005 annis
284 935 425 1005 fuerant
443 935 509 1005 sibi
526 935 652 1005 solatio
674 945 712 1006 et
736 937 905 1007 lenimini.
959 938 1068 1028 Cujus
1088 939 1139 1006 rei
1158 939 1217 1029 qui

168 1050 262 1121 volet
288 1053 427 1121 abditas
452 1053 595 1142 penitus
618 1054 804 1145 exquirere
830 1054 993 1135 rationes,
1016 1055 1045 1123 is
1071 1053 1218 1124 fortasse

168 1191 311 1238 necesse
334 1167 402 1237 erit
427 1169 465 1237 in
490 1166 617 1237 altiora
639 1178 675 1238 et
700 1169 872 1237 diviniora
892 1179 1062 1261 assurgat,
1080 1169 1219 1238 nniver-

168 1305 314 1374 samque
331 1283 594 1374 oontempletur
607 1283 790 1352 Poeticam
809 1307 854 1352 ex
872 1306 915 1353 ea
931 1291 1043 1374 parte,
1055 1306 1124 1375 qua
1140 1292 1219 1354 tan-

167 1399 262 1490 gitur
275 1422 297 1468 a
310 1398 441 1468 caelesti
455 1399 521 1468 hae
541 1397 778 1489 Philosophia.
840 1398 902 1468 Sin
921 1398 1086 1490 exempla
1102 1401 1194 1491 petis
1207 1423 1216 1483 3

168 1512 425 1583 nobilissimum
453 1515 489 1582 id
516 1513 671 1605 quidem,
698 1512 791 1603 quod
817 1514 861 1582 ad
889 1513 1073 1583 castellum
1099 1516 1217 1584 nescio

168 1631 261 1720 quod
274 1631 383 1720 juxta
400 1629 535 1698 Lacum
555 1628 753 1701 [remanum
769 1627 959 1719 aliquando
976 1630 1181 1720 perhibetur
1193 1643 1216 1676 ¹¹²

168 1745 345 1826 accidisse,
363 1768 444 1814 cum
464 1746 508 1814 de
526 1743 685 1836 pluribus
706 1745 854 1834 captivis
876 1754 1054 1836 superstes
1070 1769 1163 1816 unus
1180 1770 1217 1818 se

168 1884 238 1929 non
264 1860 374 1928 ferret
399 1883 419 1928 e
444 1859 592 1928 vinculis
618 1859 745 1939 emitti,
772 1881 838 1927 neo
864 1859 966 1928 facile
994 1863 1145 1931 caruerit
1172 1886 1217 1931 ne

168 1974 271 2042 nudis
288 1973 433 2063 quidem
455 1972 658 2063 parietibus,
677 1973 795 2040 sonitu
812 1994 991 2062 aquarum,
1009 1972 1127 2065 gelido
1145 1997 1218 2044 ear·

168 2089 256 2157 ceris
273 2089 488 2179 pavimento,
506 2086 622 2157 infusa
638 2086 833 2156 identidem
850 2109 913 2178 per
929 2087 1035 2155 rimas
1052 2087 1216 2158 oaelorum

169 2202 257 2272 luce.
303 2202 475 2272 Idunum
494 2203 520 2270 si
540 2201 704 2293 excipias,
723 2203 817 2291 quod
835 2201 949 2294 ipsum
968 2200 1115 2271 fortasse
1131 2226 1216 2272 non-

169 2318 275 2387 nullis
301 2319 367 2388 erit
393 2316 610 2398 incredibile,
631 2326 668 2385 et
690 2317 788 2407 quasi
810 2316 986 2408 quoddam
1014 2318 1100 2409 aegri
1126 2340 1218 2387 sorn-

168 2435 278 2516 nium,
296 2434 414 2502 nescio
435 2455 519 2502 sane
542 2455 588 2501 an
611 2431 704 2523 apud
726 2433 905 2501 nerninem
926 2433 1097 2525 insignius
1115 2442 1217 2503 extet

167 2551 243 2641 ejus
261 2549 424 2618 desiderii
445 2550 633 2640 specimen,
652 2559 758 2639 quam
785 2548 879 2639 apud
898 2547 1111 2638 Sophoclem
1138 2571 1218 2618 nos-

167 2672 273 2743 trum,
292 2671 371 2731 tum
388 2661 425 2729 in
442 2659 554 2752 Ajace
572 2672 650 2730 tum
667 2661 841 2752 praecipue
859 2663 895 2730 in
914 2661 1128 2732 Philoctete.

218 2777 363 2868 Nempe
385 2775 533 2866 Ajacem
558 2777 708 2846 vivendo
728 2778 804 2868 jam
831 2778 1019 2859 defessum,
1046 2787 1153 2870 atque
1178 2779 1217 2847 in

168 2890 331 2960 ultimam
356 2889 453 2960 illam
475 2891 632 2982 requiem
653 2893 757 2960 unice
779 2892 970 2974 intentum,
987 2901 1146 2962 moratur
1163 2900 1217 2962 ta·

167 3029 250 3076 men
276 3006 473 3096 nescioqui
491 3027 613 3075 sensus
638 3007 806 3085 moeroris,
824 3006 918 3096 quod
936 3006 1118 3096 linquendi
1144 3009 1216 3077 sint
1299 3085 1302 3091 J

166 3145 300 3204 amnes
331 3130 441 3202 antra,
468 3121 573 3202 silva,
604 3121 670 3191 sibi
698 3123 846 3191 decenni
871 3123 946 3213 jam
979 3123 1106 3192 militia
1130 3123 1214 3193 facti

168 3247 336 3328 tanquam
354 3234 491 3304 sodales
508 3243 546 3304 et
563 3236 667 3304 amici
685 3237 861 3326 quidemn.

377 3354 454 3421 πόροι
465 3352 593 3424 ἁλίροθοι,
605 3355 710 3422 πάρολά
722 3352 744 3407 τ’
757 3353 846 3424 ἄντρα,

377 3439 419 3491 καὶ
430 3438 506 3508 νέμος
517 3439 645 3503 ε’ττακτῖον,

377 3524 462 3578 reiron
472 3527 556 3578 πόλον
568 3525 646 3595 δαρόν
657 3524 688 3578 τέ
697 3547 729 3594 με

377 3609 501 3681 κατείχετ’
514 3610 582 3680 ἀμφὶ
594 3609 687 3682 Τροΐαν

376 3699 478 3768 χρόνον·
497 3696 557 3751 ἀλλ’
570 3698 654 3751 οὕκετί
664 3697 690 3767 μ’
704 3696 784 3752 οὕκετ’
796 3697 912 3767 ἀμπνοὰς
923 3697 1024 3768 ἔχοντα.
1051 3711 1054 3718 ’

375 3786 452 3837 τοῦτό
464 3806 503 3840 τις
515 3785 622 3855 φρονῶν
632 3783 707 3838 ἵστω.

375 3869 396 3923 ὦ
408 3870 576 3940 Σκαμανδρίοι
587 3871 701 3942 γείτονες
711 3869 778 3940 ῥοαὶ,

375 3958 500 4029 εὔφρονες
510 3956 646 4029 Ἀργείοις,

375 4043 455 4098 stre?
467 4043 548 4115 ἀνδρᾶ
559 4043 593 4113 μὴ
606 4042 672 4098 τόνδ’
685 4042 764 4112 ἴδητε.

268 4205 293 4235 m
307 4196 361 4251 rue
372 4195 497 4248 essone,-
509 4195 542 4261 of
552 4194 662 4248 cortun.
