2768 4876
224 287 289 350 432
428 288 477 351 De
491 274 734 370 ratimwjitdioii
747 285 835 370 αριιιί
847 286 1043 352 Eumenidas.
1088 281 1274 354 mauram.

278 459 414 530 Videte
436 480 482 528 an
506 459 640 550 optime
664 481 745 528 oum
773 480 815 528 ea
839 481 988 549 persona
1010 459 1198 529 conveniat
1222 460 1275 528 iu-

223 576 351 644 troitus
378 575 474 665 ejus*
489 572 615 644 delatae
640 573 678 642 in
703 595 844 644 soenam
871 574 906 641 vi
929 574 1080 664 quadam
1106 575 1272 665 aequabili

221 713 263 759 ac
281 690 392 760 tacita
402 699 438 758 ὅτ

538 822 657 879 διώκουσ’
670 821 751 892 ἦλθον
763 821 873 892 ἄτρυτον
883 824 960 887 πόδα,

432 913 533 980 πτερῶν
544 908 605 977 ὅπερ
617 906 763 978 ῥοιβδοῦσα
775 909 874 961 κόλπον
885 907 991 979 αἵγιδοο,

432 995 530 1048 πώλοις
541 992 657 1061 ἀκμαίοις
667 991 736 1048 πάνθ’
749 991 896 1061 ε’πιζεῦξοσ’
909 990 981 1063 ὄχον.

221 1120 314 1189 Cum
341 1120 397 1190 his
426 1120 455 1190 si
482 1127 671 1212 componat
702 1119 827 1213 aliquis
854 1119 1087 1191 Homericum
1112 1120 1203 1192 iliud
1229 1121 1273 1190 de

220 1235 346 1304 eadem
365 1233 531 1304 Minerva
549 1236 696 1317 dictum,

431 1395 458 1447 ai
470 1393 499 1447 δὲ
509 1394 592 1461 βάτην
603 1391 719 1463 τρήρωσι
729 1393 866 1448 πελείιισιν
876 1390 960 1463 istud
973 1393 1067 1464 ὁμοίω,

219 1522 393 1604 omnibus,
412 1523 548 1614 opinor,
564 1523 706 1613 punctis
730 1523 888 1613 superior
913 1524 1041 1592 evadet
1063 1521 1273 1616 AEsohylus3

220 1635 276 1704 vel
291 1636 373 1726 quia
391 1636 509 1728 paullo
526 1636 680 1726 ineptius
698 1635 891 1727 comparari
909 1636 1077 1705 videntur
1093 1636 1273 1706 bellioosae

220 1748 325 1819 Divae
344 1772 426 1820 oum
444 1750 618 1832 columba,
635 1750 822 1820 mitissima
845 1751 985 1833 avium;
1015 1750 1073 1820 vel
1090 1751 1175 1842 quia
1192 1773 1274 1822 nos-

220 1872 276 1933 ter
296 1873 465 1955 tanquam
490 1887 556 1934 aou
582 1865 705 1958 tetigit
725 1865 824 1935 virile
850 1863 939 1934 illud
965 1864 1155 1948 Minervae,
1171 1865 1274 1934 indo·

219 1978 361 2061 mitum,
379 1980 606 2060 indefessum,

498 2133 645 2204 ῥοιβδοῦσα
657 2136 754 2190 κόλπον
766 2135 873 2206 οἴγιδος.

218 2271 302 2355 Quo
318 2272 432 2365 magis
451 2273 613 2342 admirari
639 2272 759 2365 possis,
777 2297 840 2343 our
857 2295 899 2343 ea
916 2273 1068 2354 dubitet,
1086 2271 1167 2342 talis
1187 2294 1270 2343 oum

218 2387 275 2468 sit,
303 2386 448 2456 arbitrio
475 2410 538 2457 suo
564 2387 686 2458 statim
712 2386 898 2459 Oresteam
930 2388 1032 2458 litem
1058 2388 1270 2479 dijudicare3

218 2524 297 2591 quae
320 2503 512 2592 praesertim
537 2503 686 2572 adeam
711 2503 756 2572 ab
782 2511 931 2593 utraque
956 2512 1057 2593 parte
1081 2503 1269 2571 deferatur.

220 2614 358 2685 Verum
393 2639 439 2685 ex
474 2618 550 2709 ejus
582 2640 731 2708 persona
765 2616 1015 2687 declarandum
1046 2625 1132 2699 erat,
1162 2638 1269 2708 quam

218 2751 342 2820 parum
361 2731 504 2800 deceret
520 2731 558 2799 in
575 2730 630 2801 his
648 2732 898 2823 quaestionibus
920 2754 983 2823 pro
1000 2754 1039 2800 re
1056 2740 1141 2801 nata
1157 2741 1271 2801 teme-

218 2845 344 2914 rariam
375 2845 466 2915 ferre
501 2847 727 2928 sententiam,
754 2869 837 2915 oum
872 2845 1001 2917 lateret
1034 2846 1110 2939 ipsa
1139 2847 1269 2916 veritas

216 2981 339 3028 earum
362 2960 456 3030 inter
478 2982 605 3030 aroana
630 2961 759 3030 summi
778 2959 890 3030 Jovis.
939 2959 1000 3030 Ad
1026 2960 1134 3030 Illum
1160 2961 1270 3054 igitur

217 3070 315 3142 nulla
340 3096 439 3143 mora
464 3083 633 3165 provocat
658 3074 766 3164 ipsius
784 3075 892 3142 etiam
918 3074 1112 3164 interpres3
1138 3075 1269 3167 quippe

215 3189 274 3257 oui
303 3188 467 3258 subtilior
495 3191 540 3258 sit
569 3212 683 3270 eausa,
711 3212 816 3279 quam
847 3213 925 3279 quae
955 3210 1119 3280 supremo
1149 3211 1269 3259 carere

216 3303 327 3393 possit
343 3303 509 3385 arbitri03
535 3313 685 3396 urgente
703 3326 749 3373 ex
772 3302 839 3373 hae
861 3313 962 3396 parte
979 3303 1145 3396 supplicis
1162 3302 1270 3375 Ores·

216 3415 274 3497 tis,
292 3439 338 3486 ex
355 3415 417 3486 illa
434 3416 601 3488 Dirarum
615 3418 772 3488 Dearum
790 3419 970 3512 religione.
1015 3416 1190 3488 Nominat
1207 3417 1269 3489 illa

215 3531 361 3620 quidem
378 3533 509 3604 oivium
527 3555 671 3604 suornm
696 3534 924 3616 lectissimos3
950 3532 1054 3602 faoile
1073 3540 1195 3601 tamen
1215 3533 1269 3602 in·

216 3645 356 3739 telligat
375 3646 509 3738 aliquis,
527 3671 565 3718 re
583 3672 624 3720 ao
641 3649 791 3720 veritate
808 3644 922 3717 solum
942 3647 1187 3737 judicaturum
1204 3645 1268 3716 Jo-

217 3782 309 3828 vem.
349 3759 386 3830 Is
403 3761 509 3831 modo
527 3764 722 3833 debebatur
738 3761 851 3832 honos
868 3759 964 3852 plebi
977 3760 1266 3846 Atheniensium,

218 3872 394 3943 Minervae
427 3874 590 3958 alumnis,
616 3885 657 3945 ut
691 3898 825 3956 eorum,
856 3872 968 3945 veluti
1001 3874 1266 3966 prophetarum,

215 4010 286 4070 ore,
305 3989 420 4080 palam
444 3990 570 4061 fierent
587 3990 726 4060 Summi
745 3989 915 4060 Numinis
940 3990 1066 4059 ediota.
1120 3988 1264 4059 Etenim

649 4189 664 4227 t
679 4181 756 4234 Eum.
770 4181 831 4247 406.
