2768 4876
166 304 231 374 574
344 308 521 373 Lucrum
534 305 660 372 mom
672 317 795 393 mom
808 308 962 388 demeum,
992 330 1088 374 annu.
1100 331 1215 375 xxxnr.

166 480 368 564 videamus;
394 481 454 571 qui
471 501 617 572 campus
637 481 778 572 propior
794 474 1054 571 quodammodo
1073 476 1215 548 videtur

166 616 242 664 esse
276 595 404 666 indolis
433 595 667 665 Lucretianae.
720 595 818 664 Nam
849 602 887 666 et
919 596 1079 665 omnium
1111 589 1215 685 acque

166 708 334 792 locorum,
347 719 384 780 et
401 711 437 779 in
456 711 614 781 omnium
629 710 740 780 oculis
757 720 812 781 est
829 712 930 781 situs.
968 710 1093 780 Habet
1110 732 1218 801 porro

165 847 315 918 eaquae
337 825 452 919 diligit
471 826 667 908 Lucretius,
686 826 886 908 elementa,
916 822 1044 896 caelum
1071 825 1216 918 profun-

166 943 261 1023 dum,
280 964 361 1012 cera
384 964 446 1011 seu
469 942 696 1012 tenebrosum
722 943 796 1012 sive
820 941 988 1023 lucidum,
1010 942 1219 1010 commistae

165 1080 282 1150 aquas,
303 1057 526 1127 celerrimum
548 1069 698 1127 motum.
750 1056 913 1149 Denique
936 1059 988 1126 ita
1010 1064 1216 1148 comparata

165 1182 248 1243 sunt
266 1174 394 1255 omnia,
415 1183 454 1242 ut
475 1174 628 1265 speciem
650 1195 693 1242 ea
714 1174 811 1266 regio
834 1173 967 1242 nemini
994 1172 1138 1242 oculato
1155 1161 1217 1241 ne·

164 1298 235 1383 get,
253 1290 416 1359 intimam
434 1311 624 1380 veramque
647 1291 701 1359 sui
725 1291 898 1359 rationem
920 1289 1218 1383 universospari·

164 1413 221 1474 ter
245 1405 348 1474 celet.
400 1404 499 1474 Inest
526 1405 635 1474 etiam
661 1404 813 1474 altemm
842 1403 941 1485 illud,
967 1402 1149 1494 peculiare
1175 1425 1218 1470 ae

164 1520 391 1612 praecipuum,
409 1519 573 1601 nubibus,
589 1519 682 1610 quod
700 1520 819 1589 nescio
836 1541 880 1588 an
899 1517 998 1586 nulla
1015 1519 1124 1587 rerba
1142 1517 1218 1609 pla·

164 1635 243 1703 nius
266 1641 304 1702 et
329 1632 457 1702 melius
482 1633 558 1725 ipso
579 1634 734 1703 carmine
754 1635 889 1726 possint
910 1632 1101 1703 declarare.
1156 1631 1220 1701 Ne

165 1747 267 1830 forte,
284 1749 335 1817 ait
354 1748 541 1819 Lucretius
550 1760 578 1832 ὅ,

588 1892 669 1948 Putes
682 1912 713 1948 ea
725 1892 835 1947 demum
846 1895 903 1947 sola
913 1911 1023 1964 vagare,

306 1979 483 2051 Quaecunque
494 1980 528 2034 ab
540 1980 622 2035 rebus
633 1998 723 2035 rermn
736 1981 877 2035 simulacra
887 1981 1029 2044 recedunt,

307 2064 377 2120 Sunt
388 2067 476 2131 etiam,
489 2085 549 2139 quae
562 2075 656 2136 sponte
669 2085 718 2121 sua
729 2068 889 2138 gignuntur,
902 2076 927 2122 et
940 2069 1001 2138 ipsa

307 2150 516 2207 Constituantur
527 2153 556 2206 in
568 2153 619 2206 hoc
632 2155 705 2217 caelo,
719 2154 765 2226 qui
777 2153 874 2209 dicitur
885 2172 937 2217 aer,

308 2236 377 2297 Quae
388 2240 480 2292 multis
493 2239 607 2293 formata
617 2239 705 2294 modis
718 2239 835 2294 sublime
843 2241 977 2303 feruntur,

307 2324 365 2379 Nec
377 2326 491 2395 speciem
502 2334 606 2379 mutare
618 2343 695 2379 suam
706 2326 834 2397 liquentia
846 2335 964 2390 cessant,

307 2411 343 2464 Et
355 2412 503 2484 quojusque
515 2411 589 2466 modi
600 2411 747 2466 formarum
756 2419 858 2466 vertere
869 2413 897 2466 in
910 2430 969 2466 ora.

307 2495 346 2549 Ut
358 2495 443 2550 nubes
455 2496 532 2550 facilc
543 2496 679 2550 interdum
692 2515 860 2551 concrescere
871 2498 900 2551 in
911 2500 967 2552 alto

308 2581 458 2645 Cernimus,
472 2590 498 2636 et
509 2582 604 2636 mundi
617 2584 731 2652 speciem
743 2583 841 2637 violare
853 2602 986 2647 serenam,

307 2669 377 2722 Aera
388 2671 534 2724 mulcentes
546 2679 632 2723 motu.

169 2813 320 2906 Nequeo
346 2816 403 2884 hic
431 2816 517 2885 mihi
541 2825 749 2908 temperare,
769 2815 987 2896 Academici,
1007 2819 1092 2908 quin
1118 2819 1219 2901 illud,

167 2929 264 2999 Aera
282 2929 462 3000 mulcentes
479 2940 584 3016 moto,
601 2954 672 3022 prae
690 2932 827 3001 caeteris
842 2931 940 3001 vobis
958 2936 1220 3017 commendem,

168 3046 375 3137 quippequo
388 3046 474 3115 nihil
486 3070 640 3138 unquam
651 3045 788 3116 dulcius
800 3049 1011 3138 expresserit
1025 3050 1219 3142 imaginem

168 3160 295 3230 indolis
313 3161 542 3230 vehementer
564 3161 647 3230 huic
664 3161 715 3229 rei
733 3161 917 3231 studentis.
970 3162 1090 3234 Facile
1114 3166 1222 3236 intel-

168 3275 267 3368 ligas,
285 3276 394 3345 talem
412 3276 528 3358 fuisse,
546 3277 606 3367 qui
625 3299 663 3345 se
680 3275 830 3343 detineri
855 3284 963 3367 atque
987 3278 1099 3370 abripi
1125 3281 1220 3350 sinat

168 3393 244 3482 ipso
262 3391 496 3482 qualicunque
514 3401 685 3460 terrarum
704 3389 849 3481 caelique
866 3400 1022 3482 aspectu,
1040 3393 1141 3463 velut
1159 3396 1219 3486 qui

170 3508 323 3577 secundo
341 3507 486 3576 flumine
504 3531 574 3576 non
595 3507 726 3575 invitus
750 3505 899 3576 labatur.
952 3505 1022 3577 Sed
1041 3531 1123 3578 cum
1142 3512 1221 3603 ipso

146 3693 153 3708 χ,
170 3623 323 3693 carmine
341 3645 537 3714 pergamus

621 3751 692 3804 Nam
706 3767 776 3818 saepe
789 3749 935 3819 Gigantum

312 3837 369 3890 Ora
379 3839 467 3891 volare
478 3838 611 3902 videntur,
624 3846 649 3891 et
661 3835 784 3890 umbram
797 3835 892 3890 ducere
903 3838 971 3891 late:
1060 3858 1064 3869 ·

312 3924 451 3979 Interdum
463 3926 555 3996 magni
566 3932 679 3986 montes,
693 3923 834 3992 avolsaque
846 3939 917 3986 saxa,

312 4011 452 4065 Montibus
465 4011 572 4075 anteire,
585 4019 611 4064 et
623 4011 706 4063 solem
719 4006 858 4060 succedere
871 4017 967 4078 praeter
974 4032 982 4072 3

313 4096 378 4150 Inde
391 4098 455 4151 alios
467 4098 570 4152 trahere
583 4107 660 4168 atque
673 4092 797 4149 inducere
810 4093 897 4148 bellua
908 4096 1025 4150 nimbos.

584 4328 598 4364 ἔ
613 4318 690 4373 Lucr.
704 4339 729 4385 4.
746 4337 804 4390 ¹30·
