2768 4876
162 343 359 387 rnnnxxrv.
441 322 955 389 ιιοοίιιεοίιιονυυιοοίίαίιιιιίίνιιοι.
1150 324 1213 384 485

214 493 313 576 Quid
337 501 461 562 contra
483 493 595 563 victor
619 492 805 585 egregius?
831 514 916 560 num
941 499 1037 561 caret
1063 491 1092 560 is
1118 491 1214 559 omni

164 606 416 679 solicitudine?
442 631 529 677 num
555 615 653 677 totus
678 608 715 676 in
741 606 876 677 deliciis
900 613 1069 688 versatur,
1091 604 1214 699 gloriae

164 723 334 794 securus?
378 722 494 792 Immo
520 745 603 792 vero
628 723 737 792 habet
762 722 829 792 sibi
850 745 983 805 euram,
1008 730 1045 790 et
1072 721 1214 790 anxiam

164 840 332 928 quidem;
358 842 424 908 etsi
452 840 677 930 conjunctam
702 860 784 907 oum
810 859 949 908 summa
965 836 1120 906 victoriae
1138 833 1215 903 dul·

165 952 302 1023 cedine.
356 952 494 1023 Audite
511 976 614 1023 vero:

379 1091 394 1140 ὁ
406 1087 435 1141 δὲ
447 1089 527 1142 καλόν
537 1109 562 1141 τι
574 1088 631 1142 νεδν
642 1086 740 1156 λαχὼν,

378 1173 523 1245 ἁβρότατος
535 1174 586 1236 ἔπι,
599 1173 715 1244 μεγάλας

380 1259 410 1328 ἐξ
422 1259 528 1314 ε’λπίδος
539 1279 645 1312 πεταται

380 1344 534 1415 ίατοπτξροις
545 1344 670 1413 ἀνορέαις,
682 1344 761 1415 ἔχων

381 1433 542 1500 κρεσσόνα
558 1429 697 1486 πλούτου
715 1429 872 1499 μέριμναν.

168 1549 299 1642 Neque
329 1551 426 1620 aliud
456 1552 567 1621 ferme
597 1561 725 1621 sonant
751 1575 792 1621 ea
818 1574 898 1643 quae
925 1559 1129 1644 sequuntur,
1156 1551 1218 1619 ob-

166 1665 300 1735 scurius
320 1664 404 1735 licet
420 1666 516 1734 dicta
534 1665 637 1735 sinti.

345 1791 443 1862 ἑτέροις
454 1792 548 1862 ἑτέρων
560 1793 624 1862 ἔρως
634 1792 756 1847 ὑπέκνισε
768 1793 873 1863 φρενιίς·
892 1791 977 1847 τῶνδ’
991 1793 1100 1846 ε’κάστος
1111 1788 1196 1862 ὀρούει

344 1879 430 1948 τυχών
441 1898 493 1941 κεν,
504 1877 638 1949 ἁρπαλέαν
650 1878 742 1948 σχέθοι
754 1877 881 1949 φροντίδα
892 1877 939 1931 τὰν
950 1877 1002 1947 πδρ
1014 1876 1102 1932 ποδος·

344 1962 410 2017 τὰδ’
424 1964 460 2020 είς
472 1964 594 2028 ε’νιαυτδν,
607 1964 764 2034 ἀτέκμαρτον
775 1965 926 2034 προνοῆσαι.

169 2077 355 2160 Quaenam,
374 2078 530 2161 obsecro,
547 2085 601 2147 est
618 2101 662 2146 ea
677 2077 824 2171 μερίμνα,
836 2099 915 2167 quae
933 2076 1080 2172 φροντίς,
1093 2098 1218 2167 qnaeve

169 2215 245 2284 spes
263 2193 425 2282 inquieta
442 2200 479 2261 et
496 2193 709 2284 importuna,
728 2216 808 2282 quae
830 2216 901 2261 non
927 2193 1010 2261 sinit
1036 2214 1111 2260 esse
1137 2191 1219 2259 bea-

171 2316 256 2389 tum,
278 2330 325 2376 ne
348 2309 476 2376 iterata
493 2308 636 2398 quidem
655 2308 825 2378 victoria?
878 2307 1031 2398 Nempe,
1049 2306 1109 2396 qui
1127 2306 1219 2375 vice-

169 2431 222 2491 rat
247 2423 386 2491 minora
411 2423 616 2505 certamina,
634 2445 774 2513 semper
797 2423 870 2491 fere
896 2423 1079 2512 spectabat
1097 2420 1220 2514 Olym-

170 2535 287 2626 piam;
319 2537 379 2626 qui
405 2534 646 2628 Olympicum,
673 2559 718 2606 ne
746 2538 776 2606 is
801 2537 943 2626 quidem
974 2545 1114 2627 poterat
1144 2559 1219 2606 esse

170 2649 311 2738 penitus
336 2647 426 2717 liber
451 2672 473 2718 a
496 2649 658 2720 molestae
685 2650 887 2720 ambitionis
910 2649 1063 2730 stimulo,
1082 2671 1221 2739 semper

170 2761 214 2830 ad
231 2761 402 2832 ulteriora
418 2764 621 2855 gradientis.
669 2763 874 2855 Utmmque
891 2787 954 2834 suo
972 2787 1070 2834 more
1088 2764 1221 2834 solatur

173 2875 360 2958 Pindarus;
385 2900 469 2946 nam
487 2885 525 2946 et
541 2878 683 2947 illomm
700 2881 814 2971 gratia
829 2879 928 2949 miris
941 2878 1041 2948 effert
1059 2878 1221 2947 laudibus

172 2986 395 3080 Olympicam
420 3012 597 3073 coronam,
617 3000 655 3061 et
673 2995 767 3082 quod
793 2992 847 3060 his
873 2993 1029 3060 remedio
1053 2993 1110 3073 sit,
1131 2991 1222 3058 mul-

172 3111 228 3172 tus
257 3105 377 3172 estin
407 3104 486 3174 loco
519 3107 626 3176 toties
652 3108 697 3177 ab
723 3109 887 3177 omnibus
914 3109 1111 3189 decantato,
1142 3115 1221 3175 tum

173 3218 388 3310 philosophis
414 3230 491 3289 tum
520 3224 644 3313 poetis,
667 3224 837 3316 restingui
864 3224 992 3292 debere
1018 3221 1220 3312 cupidinem

174 3333 269 3402 illam
292 3334 480 3418 infinitam,
499 3344 686 3428 postquam
712 3338 822 3408 semel
840 3340 883 3407 ad
901 3347 1034 3408 metam
1060 3335 1220 3405 laborum

174 3449 384 3538 perveneris.
437 3451 555 3522 Pauca
575 3453 621 3522 ad
639 3452 843 3545 exemplum
862 3455 899 3522 in
916 3462 1066 3544 utroque
1091 3473 1221 3545 genere

175 3585 420 3655 proponemus.

227 3677 397 3763 Primum,
431 3681 602 3753 Isthmico
634 3682 771 3765 victori,
803 3682 1006 3776 Olympiam
1039 3682 1222 3772 cogitanti,

176 3792 434 3888 elegantissime
451 3795 642 3878 blanditur,
660 3800 815 3867 carmine
833 3799 877 3866 de
895 3797 1007 3889 epulis
1024 3795 1219 3871 translator,

385 3922 528 3979 θάλλοντος
539 3923 638 3993 ἀνδρῶν
650 3925 684 3981 ὣς
696 3923 739 3978 ὅτε
752 3924 901 3993 συμποσίου

384 4007 504 4079 δεύτερον
516 4014 629 4081 κρατῆρα
642 4012 776 4065 Μοισαίων
787 4011 887 4079 μελέων

384 4095 504 4165 κίρναμεν
525 4098 667 4166 Λάμπωνος
685 4097 796 4152 εὐάθλου
819 4099 907 4167 γενεᾶς
930 4094 1003 4166 ὕπερ·
1023 4094 1050 4148 ἐν
1071 4093 1157 4162 Νεμέᾳ
1177 4093 1224 4161 μὲν

454 4187 565 4250 πρῶτον,
578 4183 598 4237 ὦ
611 4186 668 4247 Ζεῦ,
843 4178 845 4182 ’

314 4354 326 4387 ¹
345 4347 423 4416 Pyra.
440 4363 480 4401 10.
492 4364 538 4421 95.
882 4358 893 4386 r
912 4349 1001 4401 latiam.
1015 4349 1039 4400 6.
1059 4366 1079 4401 1.
