2768 4876
163 347 260 387 rnna.
274 346 367 387 xxm.
412 321 602 386 suauissima
616 318 660 383 idi
675 320 809 404 AEpypta'
824 317 976 381 mensoria.
1150 317 1212 380 455

165 498 326 568 locorum
353 498 576 590 perdinentia.
629 495 763 565 Nescio
781 517 850 585 qua
867 492 1054 563 dulcedine
1075 490 1217 560 exsules

165 616 242 684 istae
260 615 481 705 conjungunt
507 613 637 680 mirum
664 608 790 680 natalis
814 608 879 678 soli
901 608 1114 676 desiderium
1132 628 1215 674 eum

165 729 284 795 animo
301 727 361 816 pio
379 732 552 818 gratoque
574 747 645 792 nun
671 723 785 792 solum
813 725 849 791 in
875 722 1033 812 hospites
1050 720 1215 812 Argivos,

166 864 290 911 verum
307 842 416 910 etiam
434 841 472 908 in
489 838 611 909 littora
627 847 664 907 et
683 838 800 920 eolles,
815 840 852 907 in
870 837 1016 906 fiumina
1033 838 1215 926 ipsamque

167 959 357 1049 regionem.
394 955 539 1024 Norunt
554 953 721 1023 videlieet
734 976 880 1023 avorum
895 974 1037 1021 suorum
1050 952 1214 1042 patriam:

169 1073 218 1141 ita
249 1082 381 1150 tamen,
408 1078 449 1138 ut
480 1070 685 1138 suavissimo
716 1069 888 1138 desiderio
919 1088 1057 1157 semper
1083 1065 1214 1157 AEgyp-

169 1197 245 1255 tum
271 1208 372 1255 suam
395 1193 563 1276 quaerant.
615 1184 681 1254 Est
707 1184 769 1254 ubi
789 1185 889 1275 justo
915 1183 1069 1252 carmine
1095 1179 1216 1250 laudes

76 1354 79 1360 «
169 1303 242 1391 ejus
260 1309 522 1394 prosequuntur
532 1296 553 1382 ¹,

380 1447 484 1498 ἱκνεῖται
496 1442 528 1507 δ’,
541 1442 715 1512 εἷσικνουμένη
727 1441 802 1507 βέλει

379 1533 511 1594 βουκόλου
522 1528 681 1601 πτεροέντος,

381 1620 443 1670 Δῖον
453 1617 588 1685 πάμβοτον
598 1615 689 1679 ἄλσος,

380 1705 492 1771 λειμῶνα
503 1705 685 1774 χιονόβοσκον,
698 1701 727 1756 ὃν
739 1701 760 1755 τ’
774 1700 909 1771 ε’πίρχεται

382 1790 457 1858 τυφῶ
468 1787 551 1857 με’νοο,

381 1872 451 1945 ὕδωρ
463 1877 493 1928 τὸ
506 1875 604 1928 Νείλου
616 1876 704 1930 νόσοις
715 1873 826 1927 ἄθικτον.

218 2007 292 2078 Sed
315 2012 433 2080 neseio
450 2034 496 2080 an
514 2011 761 2079 vehementius
786 2009 987 2101 pertineant
1012 2007 1058 2077 ad
1079 2007 1215 2079 deside·

133 2126 135 2130 '
172 2125 259 2195 rium
277 2127 404 2215 patriae
421 2148 472 2208 ea,
492 2148 568 2216 quae
586 2134 755 2215 tanquam
777 2123 873 2193 aliud
896 2122 1032 2215 agendo
1049 2146 1217 2216 spargun-

172 2245 228 2306 tur
247 2239 453 2309 identidem.
506 2239 620 2310 Verbi
644 2240 777 2332 gratia:
804 2238 970 2307 videntur
991 2240 1056 2308 sibi
1084 2240 1216 2311 similes

172 2375 245 2422 esse
263 2353 423 2423 lusciniae
441 2355 635 2446 eujusdam,
653 2353 824 2444 plorantis
841 2376 911 2422 non
929 2355 1036 2423 foetus
1062 2356 1216 2437 amissos,

172 2467 230 2534 sed
250 2466 398 2537 flumina
420 2492 462 2538 ae
489 2469 599 2539 saltus
625 2467 826 2550 familiares,
845 2469 918 2536 viso
936 2470 1113 2561 accipitre,
1131 2492 1153 2538 a
1178 2492 1216 2539 se

173 2580 427 2653 interclusosk:

380 2725 418 2779 ἅτ’
431 2726 482 2780 ἀπὸ
493 2733 586 2798 χορῶν
596 2734 718 2797 ποταμῶν
728 2728 750 2782 τ’
763 2728 897 2799 εῖργομένα

380 2812 468 2867 πενθεῖ
479 2812 536 2868 νέον
547 2811 632 2868 οἶκτον
643 2812 732 2883 ἠθέων.

173 2932 313 3006 Novam
334 2936 499 3004 videntur
523 2936 700 3027 appellare
725 2938 889 3020 naeniam,
909 2938 1074 3028 quoniam
1101 2941 1213 3008 veteri

170 3048 213 3124 de
252 3047 311 3140 Ity
345 3048 498 3140 querelae
540 3051 744 3143 adjungitur
779 3053 856 3142 jam
897 3051 1017 3134 altera,
1057 3053 1214 3143 depulsae

171 3163 274 3232 domo
308 3186 349 3233 ae
384 3165 534 3234 sedibus.
592 3164 811 3235 Crediderim
845 3188 986 3257 quoque
1020 3169 1214 3258 respexisse

170 3277 375 3369 AEsehylum
398 3301 513 3349 mores
537 3287 574 3348 et
596 3280 752 3349 indolem
778 3281 959 3350 indefessae
984 3283 1066 3364 avis,
1085 3305 1213 3353 novam

171 3392 205 3459 in
238 3391 341 3461 horas
372 3393 482 3462 ferme
517 3393 730 3463 cantilenam
764 3396 930 3463 texentis.
982 3394 1054 3465 Sed
1085 3399 1212 3480 videte,

171 3529 273 3595 quam
292 3509 389 3577 suavi
406 3508 553 3579 artifieio
565 3509 680 3579 Poeta
696 3509 935 3580 similitudinis
952 3510 1045 3581 illius
1058 3512 1117 3593 τὴν
1129 3512 1215 3581 ἀπό-

172 3620 259 3691 δοσιν
277 3621 492 3693 effinxeritlz

379 3767 428 3820 τὼς
440 3767 481 3818 καὶ
493 3765 544 3836 ἐγὼ
555 3765 714 3837 φιλοδιίρτος
724 3765 856 3821 Ἰαονίοισι
867 3770 969 3837 νόμοισι

378 3851 466 3924 δάπτω
478 3852 524 3904 τὰν
535 3851 638 3905 ἅπάλαν

380 3936 522 4006 Νειλοθερῆ
533 3938 650 4006 παρειάν,

379 4021 565 4093 ἀπειρόδακρύν
577 4045 605 4076 τε
618 4024 729 4093 καρδίαν·

378 4110 471 4179 γόεδνα
483 4107 505 4163 δ’
518 4108 690 4179 ἀνθεμίζομαι,

272 4318 280 4356 ¹
300 4319 363 4388 Sap.
376 4317 437 4388 5⁶5·
619 4318 634 4356 ¹¹
652 4318 720 4373 ibid.
734 4319 777 4390 65.
954 4323 963 4362 ¹
981 4325 1048 4380 Ibid.
1062 4340 1105 4398 71.
