2768 4876
165 314 230 375 800
331 314 458 376 Samma
473 311 614 396 quaedam
629 311 761 374 univoci
775 313 871 395 operis
885 312 997 396 capita.
1054 335 1150 375 rnna.
1163 336 1212 374 xu.

167 506 322 575 numque
349 485 505 552 animum
535 505 598 574 per
623 483 789 574 ambages
812 484 981 573 quasdam
1008 483 1213 566 declarent;

166 620 247 689 quae
262 620 317 668 res
332 599 487 667 maximo
502 597 626 668 solatio
640 620 716 667 esse
728 597 840 668 soleat
852 597 1056 668 hominibus
1073 600 1213 690 gravius

166 713 284 804 paullo
307 714 514 783 commotis:
541 714 744 804 conjectura
760 715 879 782 statim
903 722 1096 806 auguratus
1123 737 1212 793 sum,

165 829 240 898 lieri
275 852 377 919 posse
407 840 449 899 ut
483 828 544 898 illa
571 852 720 921 quoque,
754 853 859 919 quam
893 831 1033 921 proprio
1070 830 1212 898 nomine

165 943 345 1034 appellant
373 943 566 1025 Poeticam,
593 952 713 1013 utatur
738 944 800 1013 tali
828 944 946 1035 aliqua
973 943 1053 1036 lege
1080 952 1119 1012 et
1145 944 1211 1013 for-

164 1058 270 1127 mula.
324 1060 380 1129 Ex
392 1083 462 1152 quo
479 1059 570 1129 effici
584 1060 746 1129 videbam
765 1062 834 1130 duo
851 1061 1007 1130 maxime
1019 1060 1211 1129 Poetarum

165 1197 314 1266 genera:
342 1198 423 1245 nam
453 1177 593 1266 partim,
620 1177 680 1267 qui
708 1199 827 1246 versus
855 1177 1025 1257 scribunt,
1058 1177 1210 1246 subsidia

167 1300 330 1381 quaerunt
353 1291 583 1361 aestuantibus
605 1293 866 1383 quodammodo
890 1293 1024 1372 animis,
1045 1292 1211 1361 liberum-

166 1428 245 1496 que,
274 1414 315 1475 ut
341 1407 392 1475 ita
418 1407 542 1488 dicam,
569 1429 729 1477 cursum:
756 1409 884 1498 partim
910 1406 989 1476 illos
1014 1407 1209 1487 imitantur,

167 1522 227 1612 qui
245 1522 321 1591 istis
338 1530 492 1615 aguntur
509 1522 671 1593 stimulis.
714 1522 855 1592 Deinde
871 1532 951 1614 post
968 1524 1099 1592 indicia
1117 1547 1210 1613 quae-

167 1638 259 1718 dam,
284 1660 434 1729 quorum
458 1661 525 1729 ope
548 1638 711 1731 cognosci
738 1640 873 1729 possint
901 1638 1063 1708 Primarii
1091 1639 1210 1708 Poetae

167 1763 205 1823 et
236 1752 443 1847 αὐτόχθονες,
472 1754 681 1824 accessimus
710 1755 754 1822 ad
785 1753 1000 1847 singulorum
1036 1756 1211 1836 carmina3

168 1892 291 1939 eorum
320 1891 459 1959 nempe,
481 1870 542 1959 qui
568 1871 662 1938 inter
689 1891 810 1938 omnes
836 1869 1043 1939 nobilissimi
1074 1892 1211 1960 semper

168 1992 250 2055 sunt
284 1984 420 2066 liabiti3
449 1982 654 2070 Homerica,
681 1985 873 2066 Pindarica,
900 1985 1098 2078 AEschylea,
1134 1996 1210 2055 tum

168 2103 258 2192 siqui
276 2099 335 2170 alii
354 2101 398 2168 de
416 2100 594 2168 veteribus
611 2100 647 2168 in
672 2099 733 2169 illo
752 2100 858 2169 choro
876 2101 941 2169 sibi
959 2100 1079 2171 locum
1096 2124 1211 2170 meru-

168 2217 270 2286 erint.
322 2214 482 2297 Quorum
509 2235 807 2303 unumquemque,
825 2237 888 2304 pro
915 2214 1059 2283 modulo
1081 2225 1211 2296 nostro,

168 2330 239 2400 suis
256 2330 350 2398 notis
367 2328 418 2396 ita
439 2328 694 2418 descripsimus,
712 2328 805 2396 utin
825 2328 912 2397 duos
935 2337 1054 2397 tamen
1075 2330 1212 2398 ordines

169 2448 372 2515 viderentur
399 2444 551 2512 universi
587 2466 658 2511 non
686 2443 778 2512 male
810 2444 992 2513 distribui:
1039 2467 1122 2513 nam
1153 2444 1209 2514 alii

169 2581 268 2629 curas
313 2567 350 2627 et
385 2557 527 2649 negotia
568 2558 771 2626 cecinerunt
814 2557 1006 2639 hominum,
1042 2559 1102 2626 alii
1137 2558 1210 2628 caeli

168 2686 340 2765 terraeque
383 2673 533 2753 faciem3
576 2671 628 2739 illi
661 2671 820 2753 mobiles,
864 2672 900 2740 hi
935 2675 1057 2765 quieti.
1128 2673 1211 2742 Illos

170 2788 316 2869 Gracia,
346 2787 411 2855 hos
442 2785 550 2876 (quod
576 2789 716 2879 mirere)
748 2789 938 2857 maximam
966 2798 1103 2879 partem
1129 2787 1210 2855 tulit

171 2905 326 2974 Latium.
359 2900 523 2992 Denique
541 2901 627 2971 illud
646 2904 787 2993 penitus
805 2904 841 2971 in
859 2906 954 2972 omni
974 2905 1213 2995 disput-atione

169 3021 296 3090 servari
326 3019 438 3086 visum
471 3025 535 3098 est,
565 3040 636 3085 non
662 3019 736 3087 sine
764 3019 908 3087 oonsilio
936 3019 1121 3110 plusquam
1151 3018 1221 3110 hu-¹

168 3157 273 3204 mano
298 3143 374 3201 tum
399 3132 550 3223 viguisse
577 3141 654 3200 turn
683 3133 862 3215 decidisse,
885 3157 948 3203 suo
972 3136 1139 3224 quodque
1160 3156 1212 3200 or·

169 3250 260 3327 dine,
291 3270 421 3339 genera
451 3245 625 3315 Poeseos:
665 3247 726 3315 illo
757 3249 900 3337 inquam
931 3247 1086 3328 consilio,
1118 3246 1210 3337 quod

169 3363 252 3432 satis
270 3371 435 3453 appareat
453 3362 553 3430 nobis
572 3362 680 3430 etiam
699 3362 929 3430 intuentibus.

219 3477 301 3548 Jam
326 3479 419 3567 quod
438 3476 590 3569 Virgilio
616 3477 778 3547 ultimam
806 3501 945 3568 prorsus
970 3479 1007 3545 in
1033 3478 1094 3546 illo
1122 3489 1210 3548 oaetu

170 3595 363 3665 dicavimus
380 3617 533 3685 operam,
552 3595 588 3662 in
606 3618 710 3665 causa
727 3595 870 3664 fuerunt
891 3596 1019 3685 partim
1038 3596 1210 3687 angustiae

170 3711 361 3802 temporis3
400 3711 592 3779 maximam
627 3719 747 3780 autem
782 3720 918 3801 partem
952 3711 1119 3802 opinione
1154 3735 1211 3781 au-

170 3828 329 3921 gurabar,
354 3826 428 3895 fore
450 3835 491 3894 ut
508 3827 553 3895 ab
571 3828 671 3896 istius
695 3828 906 3897 carminibus
931 3830 1064 3918 optime
1088 3829 1212 3897 transi·

169 3953 248 4012 rent
265 3944 426 4012 homines
444 3945 479 4011 in
497 3945 650 4012 sanctius
677 3943 807 4033 aliquid
832 3966 873 4012 ac
896 3944 1067 4013 divinius:
1097 3965 1210 4035 neque

168 4061 263 4128 enim
281 4082 352 4127 non
370 4060 504 4128 ratione
518 4061 667 4149 quadam
686 4083 761 4129 esse
779 4059 955 4140 effectum,
975 4075 1014 4128 ut
1032 4070 1213 4130 extremus

168 4173 228 4241 ille
242 4173 462 4266 Paganorum
476 4199 520 4244 ex
538 4177 645 4245 animi
665 4178 717 4245 sui
736 4177 919 4258 sententia,
938 4199 1008 4244 non
1020 4199 1040 4245 e
1052 4177 1210 4257 formula,

169 4311 288 4358 versus
306 4301 458 4360 caneret.
