2768 4876
124 323 217 368 ruas.
230 325 297 367 xxr.
433 306 482 368 Dc
496 305 617 389 Pylade
631 306 720 370 semel
731 307 873 392 laqueato,
1110 313 1170 374 401

123 475 248 546 nabile.
301 453 459 568 Ideoque
480 500 560 548 eam
582 478 652 548 hoc
673 487 834 571 tempore
849 480 1013 550 ciendam
1038 481 1173 572 putavi,

124 592 252 683 quippe
281 614 373 683 quae,
399 591 456 662 vel
487 594 564 684 ejus
594 593 835 665 similitudinis
864 617 978 676 causa,
1005 618 1170 688 magnam

124 707 249 777 divinae
265 707 445 801 religionis
462 709 754 802 significationem
771 709 912 781 habeat.

172 824 307 894 Rursus
329 824 391 894 ubi
412 825 520 917 coepit
538 829 682 896 Orestes
702 826 866 896 disertius
886 827 1063 920 explicare
1088 851 1171 897 con-

123 937 239 1008 silium
273 960 387 1020 suum‚
421 960 550 1031 nempe
585 938 667 1008 dolo
700 938 877 1031 agendum
912 962 999 1023 esse,
1029 962 1101 1009 non
1136 940 1168 1008 vi

123 1065 253 1145 aperta,
279 1054 400 1124 videte
428 1077 533 1146 quam
568 1056 769 1146 prudenter,
795 1056 900 1148 hujus
930 1079 1070 1149 quoque
1100 1078 1171 1126 ser-

122 1171 235 1240 monis
251 1169 368 1255 initio‚
384 1170 543 1261 ejusdem
561 1169 739 1263 Apollinis
749 1173 849 1263 jussa
866 1181 1081 1243 excusentur
1091 1181 1124 1241 r:

331 1327 365 1381 δς
377 1323 408 1380 ἂν
420 1326 491 1397 δόλῳ
502 1325 642 1381 κτείναντες
654 1325 733 1397 ἄνδρα
744 1327 828 1395 τίμιον

331 1412 401 1484 δόλῳ
413 1433 442 1466 τε
454 1411 496 1464 καὶ
507 1411 658 1482 ληφθῶσιν,
672 1411 700 1466 ἐν
711 1410 795 1485 ταάττμ
805 1414 897 1483 βρόχῳ

331 1496 461 1562 θανόντες,
472 1493 491 1566 'l
503 1499 544 1552 καὶ
557 1498 652 1567 Λοξίας
663 1496 801 1568 ἐφήμισεν,

330 1583 395 1650 ἅναξ
405 1581 552 1648 Ἀπόλλων,
565 1583 653 1655 μάντις
665 1583 782 1654 ἀψευδὴς
794 1585 824 1637 τδ
836 1584 905 1654 πρίν.

124 1729 314 1823 Mitigatur
330 1752 373 1799 eo
389 1730 496 1799 modo
513 1753 579 1812 res,
597 1730 777 1821 aliquanto
794 1730 941 1799 fortasse
958 1729 1119 1799 odiosior.

170 1843 335 1936 Denique
362 1842 501 1935 inipso
528 1843 691 1913 facinoris
716 1839 865 1912 articulo
891 1841 1050 1931 uunquid
1073 1840 1169 1910 aliud

123 1958 350 2052 languentem
376 1959 510 2042 incitat,
529 1982 633 2052 quam
660 1957 838 2028 declarata
863 1957 992 2026 iterum
1019 1980 1081 2049 per
1102 1957 1171 2049 Py-

122 2074 247 2157 ladem,
282 2083 420 2145 mutam
459 2075 630 2145 hactenus
668 2096 864 2165 personam,
899 2072 1076 2165 Apollinis
1110 2097 1170 2142 ro-

122 2187 236 2261 luntas
249 2190 284 2260 ⁸?

330 2326 447 2395 Πυλάδη,
460 2327 486 2380 τί
498 2325 604 2396 δράσω,
623 2326 710 2398 μητέρ’
723 2327 837 2382 αἰδεσθῶ
850 2330 965 2390 κτανεῖν;

122 2462 178 2535 Sic
210 2470 363 2547 Orestes,
391 2473 599 2547 commotus,
623 2474 665 2535 ut
695 2465 745 2547 fit,
777 2466 939 2556 precibus
968 2464 1102 2547 matris,
1131 2479 1168 2534 et

120 2591 242 2673 aperto
266 2590 419 2673 pectore,
438 2590 475 2651 et
500 2582 671 2652 memoria
695 2583 855 2674 pueritiae
880 2604 965 2652 suae.
1018 2580 1169 2674 Pylades

120 2707 252 2782 eontra,
273 2696 398 2790 Perge,
418 2700 489 2779 ait3
514 2698 724 2767 sacrificium
745 2698 892 2766 minime
920 2698 1091 2767 infectum
1115 2719 1169 2765 re-

120 2809 274 2902 linquas:
582 2821 585 2827 ’

330 2935 382 2985 ποῦ
395 2932 437 2986 δαὶ
448 2933 480 2986 τά
491 2932 571 2986 λοιπά
584 2932 679 2999 Λοξίου
691 2930 852 3000 μαντεύματα

328 3020 361 3071 τὰ
373 3017 560 3088 Πυθόχρηστα,
572 3019 655 3072 πιστὰ
667 3017 689 3072 δ’
702 3018 881 3088 εὔορκώματα;

327 3102 440 3158 ἅπαντας
452 3104 562 3176 ἐχθροὺς
573 3110 624 3160 τῶν
636 3105 701 3159 θεῶν
711 3104 777 3175 ἡγοῦ
788 3103 877 3159 πλέον.

165 3245 311 3327 Quaerat
327 3246 473 3316 fortasse
495 3271 636 3318 causam
661 3247 797 3338 aliquis,
814 3270 878 3316 cur
897 3247 1027 3338 alioqui
1050 3255 1166 3319 taceat

119 3357 279 3450 Pylades,
296 3384 368 3429 uno
389 3362 456 3431 hoc
477 3385 638 3432 sermone
656 3363 837 3432 silentium
855 3372 1008 3454 rumpat.
1060 3362 1165 3445 Quod

118 3475 224 3544 etiam
259 3476 296 3545 iu
328 3475 504 3568 Sophocle
537 3486 575 3546 et
610 3479 646 3547 in
683 3479 852 3571 Euripide
886 3479 961 3547 fieri
996 3478 1165 3559 videmus

117 3598 263 3660 catenus
288 3600 330 3661 ut
356 3615 401 3661 ne
425 3616 548 3662 vocem
572 3593 716 3684 quidem
747 3594 856 3664 semel
887 3595 1040 3663 emittat.
1094 3593 1167 3663 Ita-

116 3727 184 3795 que
214 3706 424 3776 crediderim
453 3709 505 3777 ita
533 3708 752 3800 perhibuisse
779 3718 940 3778 veterum
967 3710 1011 3778 de
1038 3707 1166 3779 Oreste

116 3821 356 3890 narrationes:
401 3821 462 3891 vix
499 3823 593 3891 enim
629 3822 818 3892 verisimile
859 3831 914 3892 est
953 3824 1166 3893 recentiores

117 3932 246 4006 Poetae
268 3936 442 4018 insistere.
456 3936 513 4006 hic
531 3937 688 4029 AEschyli
707 3937 884 4030 vestigiis;
909 3939 1064 4008 maxime
1082 3962 1162 4006 oum

252 4221 261 4245 ¹
281 4212 392 4283 Cde'e'plr.
407 4228 468 4283 554.
859 4215 946 4267 'idid
960 4215 1021 4285 899.

606 4324 630 4372 Ι)
649 4306 670 4373 d
