2768 4876
166 301 232 370 648
405 301 583 368 latrabat
607 300 736 388 torpidi
749 301 952 385 differentiam
1010 323 1212 368 enunxxxn.

168 478 247 548 ticae
264 477 345 546 vitae
369 482 515 559 secrete,
533 473 675 545 eosdem
699 473 908 566 plerumque
928 495 966 544 se
984 472 1115 545 dedere
1140 495 1215 566 par·

168 593 234 664 tim
251 590 458 685 indagandae
476 589 634 672 Naturae,
652 591 782 682 partim
800 591 970 662 fruendae.

217 707 300 780 Jam
323 707 392 777 hoc
417 708 503 799 ipso,
521 707 558 776 ni
581 706 693 788 fallor,
712 706 921 790 discrimine,
939 704 1136 776 secernitur
1156 728 1217 797 po·

167 825 342 896 tissimum
368 846 389 893 a
408 821 559 916 Virgilio
582 822 778 902 Lucretius,
806 822 899 914 quod
925 821 1016 892 alter
1037 820 1216 891 Naturam

167 939 281 1011 libens
298 938 570 1030 contemplatur,
589 937 688 1008 velut
713 939 859 1031 adytum
881 939 1061 1030 quoddam
1081 939 1216 1008 arcanis

167 1058 395 1152 religionibus
411 1056 567 1148 plenum,
585 1078 733 1147 quarum
754 1055 911 1125 omnium
930 1078 972 1125 ea
993 1055 1039 1126 sit
1056 1056 1158 1136 ratio,
1176 1064 1217 1125 ut

168 1196 283 1266 neque
306 1173 370 1243 ulli
397 1196 435 1243 se
459 1173 658 1254 ostendant,
676 1171 742 1241 nisi
760 1171 851 1241 bene
876 1178 1028 1263 purgato
1052 1193 1116 1262 per
1141 1169 1218 1262 phi-

168 1287 363 1379 losophiam
389 1285 504 1368 oculo,
528 1295 565 1355 et
589 1285 725 1376 optime
747 1285 855 1355 etiam
880 1282 1082 1375 praeparatis
1104 1283 1143 1351 in
1165 1282 1218 1351 in-

166 1404 306 1474 finitum
335 1402 432 1473 abire
456 1401 660 1471 videantur:
695 1399 795 1481 alter,
821 1400 898 1491 ipsa
922 1398 1110 1469 dulcedine
1137 1417 1217 1490 eap-

166 1530 234 1602 tus,
253 1519 351 1589 velut
372 1541 470 1609 puer,
488 1516 575 1585 nihil
593 1516 687 1588 ultra
704 1517 837 1607 quaerit,
855 1515 962 1585 modo
988 1514 1108 1584 liberis
1134 1515 1216 1584 ferri

166 1635 276 1727 possit
293 1635 435 1726 campis,
454 1632 613 1722 caeloque
636 1654 677 1702 ac
701 1631 774 1702 sole
795 1640 927 1724 aperto,
944 1629 1042 1700 nulla
1060 1631 1217 1702 solicitu-

167 1748 258 1830 dine,
280 1748 377 1818 nullo
404 1748 564 1840 strepitu,
590 1748 743 1839 spatiari.
796 1747 904 1818 Illum
927 1747 1118 1842 intelligas,
1132 1771 1217 1840 qua·

166 1888 305 1956 cunque
329 1864 450 1935 oculos
473 1864 709 1948 circumferat,
727 1872 936 1958 argumenta
958 1888 1000 1936 ac
1017 1887 1141 1936 causas
1159 1888 1218 1934 ve-

165 1982 252 2063 nari,
273 2003 421 2072 quarum
451 2003 558 2072 opera
588 1981 679 2050 tueri
709 1982 819 2072 possit
846 1981 1005 2074 magistri
1035 1982 1090 2050 sui
1121 2003 1217 2051 com-

165 2107 287 2166 menta
312 2096 422 2166 semel
448 2121 470 2166 a
497 2120 534 2167 se
556 2099 739 2168 adamata:
774 2098 869 2167 hunc
895 2105 1019 2168 contra
1041 2099 1158 2168 sinere
1180 2099 1217 2167 in

165 2235 224 2281 rus
251 2235 288 2280 se
306 2212 443 2293 deferri,
462 2213 559 2302 quasi
587 2212 624 2280 in
647 2222 789 2304 portum
813 2212 977 2303 aliquem,
995 2220 1036 2281 ut
1054 2214 1116 2304 qui
1134 2237 1218 2284 con·

166 2328 380 2398 stantissime
400 2328 527 2419 jubeat
545 2351 608 2398 sua
625 2330 691 2399 sibi
711 2328 854 2412 habere,
873 2351 945 2397 non
963 2329 1091 2399 divites
1108 2329 1217 2398 modo

166 2457 204 2515 et
230 2444 362 2537 publici
388 2445 524 2515 consilii
549 2447 747 2538 participes,
774 2469 896 2515 verum
922 2445 1032 2516 etiam
1062 2446 1218 2538 philoso-

165 2560 315 2652 phorum
334 2583 474 2651 quoque
492 2569 649 2631 catervas
668 2584 789 2630 omnes
807 2569 844 2630 et
862 2560 1140 2630 dialecticorum.

216 2677 312 2760 Quid
339 2676 475 2746 multa?
519 2676 691 2769 Virgilius
716 2677 801 2768 ipse,
828 2685 869 2744 ut
893 2678 1025 2768 opinor,
1050 2677 1123 2748 tale
1154 2676 1218 2747 ali-

166 2793 249 2884 quid
280 2816 350 2861 non
381 2793 528 2862 obscure
559 2793 742 2885 significat,
769 2790 947 2861 celebrato
977 2791 1039 2860 illo
1066 2800 1104 2862 et
1139 2791 1217 2884 pul·

165 2908 338 2978 cherrima
357 2909 522 2990 carmine,
727 2888 730 2894 ⁵

305 3087 378 3142 Felix
392 3088 437 3160 qui
449 3087 536 3158 potuit
548 3106 638 3142 rerum
650 3105 809 3159 cognoscere
822 3107 924 3153 causas,

306 3176 395 3246 Atque
407 3184 494 3229 metus
507 3194 599 3229 omnes
612 3184 638 3229 et
649 3177 809 3230 inexorabile
821 3177 905 3231 fetum

308 3261 426 3332 Subjeeit
438 3260 560 3331 pedibus,
574 3262 765 3332 strepitumque
777 3261 936 3316 Acherontis
948 3263 1028 3316 avari.

308 3347 468 3402 Fortunatus
481 3356 507 3401 et
519 3348 571 3412 ille,
585 3348 658 3402 Deos
670 3349 716 3419 qui
728 3350 803 3404 novit
815 3358 940 3418 agrestes,

307 3433 439 3506 Panaque,
455 3434 648 3506 Sylvarumque
661 3453 760 3499 senem,
774 3435 802 3488 N
802 3435 968 3508 ymphasque
980 3453 1094 3491 sorores.

168 3603 279 3674 Satin'
307 3606 494 3676 manifesto
526 3607 702 3678 declarare
732 3608 834 3677 nobis
865 3608 1005 3678 videtur
1036 3609 1215 3701 duplicem

167 3720 263 3789 illam
295 3745 400 3813 quam
432 3725 621 3813 quaerimus
652 3726 723 3792 vim
759 3726 833 3816 ejus
865 3724 1025 3806 Poeseos
1054 3748 1135 3815 quae
1170 3728 1215 3797 ad

167 3833 344 3905 Naturam
362 3839 541 3928 pertinet?
593 3840 702 3923 Quasi
720 3841 825 3923 dicat,
844 3840 1018 3912 “Vellem
1037 3844 1214 3933 equidem,

167 3951 195 4019 si
219 3974 281 4041 per
304 3953 586 4024 mediocritatem
611 3979 727 4025 meam
749 3956 881 4038 liceret,
908 3956 1129 4029 Lucretianis
1157 3983 1215 4030 me

167 4065 357 4158 adjungere
374 4070 542 4158 partibus.
580 4070 717 4142 Verum
736 4073 859 4153 sentio,
879 4073 1052 4141 diversam
1070 4075 1214 4144 omnino

166 4179 403 4248 commendari
421 4181 508 4250 mihi
526 4207 546 4251 a
565 4183 707 4254 Natura
723 4185 958 4277 provinciam:
988 4185 1105 4256 dulcia
1119 4187 1215 4257 vide-

168 4291 261 4374 licet,
284 4293 440 4384 pulchra,
470 4306 601 4381 tenera,
629 4323 709 4390 quae
738 4303 868 4371 circum
900 4302 1135 4393 undequaque
1163 4304 1215 4372 in-
