2768 4876
166 321 231 388 604
313 324 362 387 Do
376 323 539 408 Polyaeno
551 323 639 409 οροθ
651 323 837 410 Empldom
844 345 986 410 ρονοοοο.
1017 347 1115 390 rann.
1124 347 1210 389 xxrx.

165 500 336 591 spondere
362 497 524 568 videatur
549 498 734 568 sententia
759 505 886 570 nostrae
911 500 956 569 de
980 522 1114 594 genere
1139 501 1212 592 ejus

165 616 339 684 universo.
396 613 537 706 Quippe
566 615 618 684 ita
647 614 721 684 fere
750 616 962 699 statuimus3
997 637 1145 709 regnare
1175 616 1212 685 in

164 728 259 800 illius
273 727 376 799 Poesi
394 728 542 801 affectus
557 728 636 799 illos
651 729 711 821 qui
730 731 893 800 omnibus
910 738 993 802 sunt
1011 731 1211 815 familiares,

164 843 263 914 nulla
287 845 478 915 admodum
504 845 640 914 ratione
660 844 783 915 habita
803 869 926 916 eorum
943 848 1003 938 qui
1022 847 1212 939 optimates

165 968 346 1043 vocantur,
373 959 471 1029 nulla
498 968 690 1045 statuant
720 962 771 1030 ita
798 963 923 1044 dicam,
947 962 1102 1034 heroici:
1136 985 1211 1033 rem

164 1100 342 1168 quamque
367 1077 462 1169 exigi
489 1077 534 1146 ad
562 1076 720 1170 regulam
746 1077 961 1168 quotidianae
989 1078 1094 1170 hujus
1121 1079 1210 1160 vitae,

164 1215 355 1284 sensusque
372 1193 580 1262 eommunis.
621 1190 693 1261 Sed
711 1192 894 1284 Polyxena
910 1192 981 1277 illa,
995 1193 1024 1264 si
1038 1216 1116 1285 quae
1133 1192 1210 1274 alia,

165 1309 305 1377 videtur
321 1309 358 1377 in
375 1308 488 1399 majus
505 1304 734 1400 assurgerel:

375 1459 395 1514 ὦ
407 1459 453 1529 τὴν
464 1459 527 1530 ἐμὴν
537 1461 680 1530 περσάντες
690 1459 803 1531 Ἀργεῖοι
814 1463 901 1524 πόλιν,

375 1547 470 1599 έκοῦσο
482 1545 592 1614 θνησκω·
611 1544 646 1616 μή
659 1568 697 1603 τις
708 1544 808 1618 ἅψηται
819 1548 899 1618 χροὸς

375 1634 421 1685 τοῦ
432 1629 499 1700 ’pori‘
517 1631 621 1702 παρέξω
632 1633 682 1702 γὰρ
696 1632 771 1700 δέρην
783 1633 928 1703 εὐκαρδίως·

375 1716 513 1788 ε’λενθέραν
525 1717 555 1772 δέ
565 1717 601 1787 μ’,
613 1719 648 1774 ὧς
658 1717 782 1789 ε’λευθέρα
794 1719 871 1782 θάνω,

373 1805 440 1874 πρὸς
451 1803 525 1868 θεῶν,
536 1804 663 1874 μεθέντες,
676 1805 792 1859 κτείνας’·
812 1805 840 1860 έν
851 1804 964 1877 νέκροισς
975 1807 1027 1878 γὰρ

375 1889 455 1958 δοολη
467 1889 615 1958 κεκλῆσθαι,
627 1892 736 1955 βασιλὶς
748 1890 815 1955 oto’,
827 1890 992 1963 αἷοχθνομαι.

165 2020 357 2113 splendide
388 2044 492 2091 sane:
529 2044 652 2092 verum
682 2044 832 2104 oausam,
864 2044 995 2114 quaeso,
1024 2022 1210 2092 attendite.

165 2136 347 2207 Nimirum
368 2138 493 2208 eadem
515 2145 620 2208 antea
644 2139 822 2221 docuerat,
840 2138 920 2208 ideo
937 2160 975 2208 se
992 2137 1085 2208 velle
1111 2140 1211 2218 mori,

164 2255 330 2344 quoniam
348 2255 489 2324 vivendi
505 2278 576 2324 non
595 2267 670 2325 erat
688 2254 772 2326 laeta
789 2255 944 2326 conditio
955 2249 986 2324 ¹:

374 2405 426 2461 οὔτ’
440 2406 546 2461 ἐλπίδος
557 2408 617 2479 γὰρ,
630 2411 690 2462 οὔτε
701 2429 747 2462 του
759 2408 836 2477 δόξης
848 2410 900 2479 ὁρῶ

375 2493 472 2565 θάρσος
483 2492 542 2564 παρ’
555 2493 623 2564 ἡμῖν,
636 2496 669 2552 ὥς
681 2493 738 2548 ποτ’
752 2493 780 2548 εὖ
791 2494 887 2565 πρᾶξαί
897 2516 930 2564 ρε
940 2490 1002 2564 χρή.

165 2621 390 2691 Probabilem
416 2647 499 2692 sane
525 2623 663 2693 habetis
681 2646 834 2707 oausam,
851 2624 912 2693 sed
931 2645 1002 2692 non
1019 2622 1110 2691 adeo
1127 2644 1210 2714 prae

165 2735 295 2806 claram
313 2761 353 2807 ao
372 2739 537 2808 divinam.

213 2853 581 2925 Animadvertendum
603 2878 715 2947 porro,
735 2854 952 2948 Polyxenam
971 2855 1016 2923 de
1040 2852 1212 2923 industria

165 2969 323 3060 proponi,
343 2969 525 3061 exemplar
550 2978 587 3039 et
614 2973 792 3062 specimen
817 2970 966 3040 heroioae
989 2969 1085 3039 illius
1112 2969 1214 3039 fami·

165 3081 233 3153 liae.
286 3082 383 3152 Nam
400 3083 455 3152 his
473 3106 551 3153 eam
570 3083 796 3153 commendat
814 3077 1001 3151 Chorusk:

374 3228 456 3284 δεινὸς
467 3232 608 3299 χαρακτὴρ,
621 3227 766 3296 κοπίαημος
778 3227 804 3280 έν
815 3228 930 3296 βροτοῖς,

374 3316 478 3369 ε’σθλῶν
490 3314 620 3386 γενέσθαι,
633 3313 694 3368 κάπὶ
705 3316 791 3384 μεῖζον
803 3315 905 3383 ἔρχεται

374 3403 419 3469 τῆς
431 3401 557 3471 εὐγενείας
569 3398 649 3469 ὄνομα
661 3403 746 3454 τοῖσιν
758 3399 847 3468 ἀξίοις.

165 3521 292 3592 Rarius
312 3532 433 3593 autem
455 3524 570 3594 solent
588 3525 708 3595 Poetae
726 3548 811 3616 quas
829 3524 977 3616 quisque
994 3520 1211 3590 adamaverit

164 3660 219 3708 res
237 3638 374 3709 disertis
391 3642 480 3710 adeo
503 3641 616 3710 verbis
638 3639 800 3710 laudare:
828 3639 957 3709 sentias
975 3645 1118 3706 tantum
1137 3636 1212 3706 ubi-

164 3776 234 3843 que
258 3754 379 3824 adesse
402 3754 496 3845 quod
522 3779 586 3846 per
613 3764 727 3825 totam
754 3761 875 3824 manet
903 3750 1070 3833 indolem,
1094 3758 1211 3821 totum

164 3868 343 3938 hominem
365 3892 488 3961 sapore
506 3871 658 3962 quodam
684 3870 827 3950 inficiat,
846 3868 906 3936 vix
924 3877 1045 3936 tamen
1062 3886 1210 3957 iuquam

164 3991 285 4075 aperte
310 3985 496 4054 monstrari
528 3986 647 4075 possit.
700 3984 847 4054 Redibit
876 3984 997 4073 itaque
1024 4002 1090 4063 res,
1119 3980 1212 4050 unde

165 4098 272 4182 abiit3
298 4121 413 4189 neque
430 4108 574 4192 propter
592 4098 810 4192 Polyxenam
835 4097 1038 4192 abroganda
1056 4097 1125 4166 erit
1143 4096 1210 4166 for·

235 4331 327 4388 hHer.
341 4347 402 4404 547.
605 4334 691 4389 ιΙθίθ.
706 4350 766 4407 370.
971 4332 1066 4387 litto.
1080 4349 1142 4403 379.
