2768 4876
171 351 367 394 rannxxvr.
407 331 700 410 Quoacmisoaimo
713 331 929 417 respublicum
942 316 1088 418 adipata.
1155 333 1220 400 537

276 505 393 574 ἀμπνοὰν
405 505 427 560 δ’
439 506 521 578 ἥρωες
531 508 648 562 ἕστασαν
660 506 720 561 θεοῦ
732 506 848 576 σάμασιν

275 592 418 662 πιθόμενοι·
437 591 530 662 κάρυξε
541 592 564 647 δ’
577 594 664 649 αὐτοῖς

276 679 401 748 ἐμβαλεῖν
412 681 523 733 κώπαισι
534 681 702 748 τερασκόπος,
715 678 801 734 (idries
812 678 920 733 ἐνίπτων
932 677 1048 735 ἐλπίδας·

276 764 376 836 εἰρεσία
388 764 410 820 δ’
422 767 592 837 ὑπεχώρησεν
603 769 708 836 ταχειᾶν
720 766 748 819 ἐκ
759 768 881 834 παλαμᾶν
893 765 995 834 ἄκορος.

172 882 277 968 Illud,
287 886 505 982 ὑπεχώρησεν,
516 888 708 957 advertatis
726 888 831 956 velim
847 911 856 970 ;
879 888 1010 979 quippe
1023 888 1117 978 quod
1135 909 1217 956 eum

172 1000 328 1071 declaret
350 1003 564 1095 scriptorem,
583 1005 642 1094 qui
661 1002 771 1074 oculis
789 1004 1031 1095 potiusquam
1054 1002 1217 1071 manibus

171 1117 359 1210 remigium
385 1119 543 1202 noverit;
569 1120 662 1210 quod
687 1127 809 1189 contra
833 1119 984 1188 vidimus
1008 1117 1217 1210 plerumque

171 1234 264 1322 apud
284 1233 492 1327 AEschylum
519 1258 574 1305 res
599 1235 793 1304 maritimae
818 1236 870 1304 lta
894 1235 1034 1315 narrari,
1061 1242 1103 1303 ut
1126 1235 1216 1304 scias

171 1345 285 1414 virum
311 1369 382 1415 non
407 1349 513 1418 modo
539 1349 730 1443 navigasse,
748 1351 809 1420 sed
828 1351 936 1419 etiam
958 1348 1108 1418 brachiis
1134 1349 1216 1430 suis,

170 1468 210 1529 ut
226 1461 279 1531 ita
295 1462 421 1545 dicam,
439 1464 615 1557 pepulisse
631 1489 779 1535 remum.

218 1576 387 1649 Diximus
405 1579 449 1649 de
467 1581 595 1664 favore,
607 1605 677 1674 quo
694 1582 918 1674 prosequitur
931 1580 1103 1650 Pindarus
1117 1579 1216 1672 AEgi-

170 1695 399 1788 nam,quippe
410 1705 488 1765 tum
498 1697 699 1767 Thebarum
709 1720 851 1768 suarum
862 1697 1122 1789 quodammodo
1134 1720 1214 1789 cog-

170 1820 300 1891 natam,
314 1821 391 1880 tum
410 1811 573 1905 hospitio,
584 1815 613 1884 si
626 1821 723 1884 recte
736 1813 950 1905 conjicimus,
965 1813 1030 1882 sibi
1048 1815 1216 1903 conjunc-

169 1935 252 1997 tam.
297 1927 504 1999 Proximum
523 1930 568 1999 ab
585 1929 640 1999 his
657 1938 743 2011 erat,
761 1939 801 1999 ut
818 1953 930 2022 pauca
946 1929 1135 2021 adjicerem
1153 1952 1215 1997 cu-

169 2040 255 2110 muli
274 2041 352 2112 loco
366 2044 410 2113 de
428 2067 566 2115 summa
579 2045 653 2136 ejus
671 2045 864 2127 sententiae,
875 2046 969 2136 quod
987 2045 1030 2114 ad
1048 2045 1215 2136 rempub-

168 2155 273 2226 licam
286 2161 421 2251 optime
434 2161 624 2253 gerendam
637 2162 778 2230 attinet.
815 2160 898 2231 Fuit
910 2161 1084 2237 videlicet,
1098 2170 1139 2229 ut
1153 2159 1213 2229 de·

168 2274 240 2342 cuit
251 2274 470 2358 Thebanum,
482 2278 518 2345 in
537 2277 761 2368 optimatium
780 2284 896 2369 partes
913 2277 1136 2369 propensi0r;
1162 2277 1213 2346 ita

168 2397 298 2471 tamen,
316 2400 358 2461 ut
374 2391 473 2461 nulla
489 2391 659 2485 religione
677 2393 900 2484 optimatium
920 2413 1060 2482 quoque
1077 2414 1211 2461 errores

168 2505 291 2597 saepius
317 2507 544 2598 redarguerit.
596 2505 735 2577 Verum
759 2507 931 2599 exemplis
956 2506 1025 2577 hoc
1050 2516 1211 2600 tempore

167 2622 386 2713 supersedeo,
401 2624 531 2692 rectius
548 2623 695 2693 fort-asse
712 2625 928 2693 reservandis
946 2624 990 2693 ad
1008 2631 1210 2694 extremum

167 2747 274 2830 caput
299 2737 493 2808 Pindaricae
519 2737 623 2830 hujus
651 2762 774 2809 causae.
826 2739 945 2810 Video
976 2740 1070 2808 enim
1096 2762 1142 2808 ex
1168 2741 1211 2810 iis

166 2878 242 2945 quae
260 2855 477 2946 suscepimus
494 2853 581 2924 illud
599 2857 676 2947 jam
694 2879 805 2925 unum
823 2863 1069 2947 superessent
1086 2857 1211 2926 docea-

165 2991 255 3052 mus,
267 2969 439 3040 Pindarus
451 2994 520 3061 quo
536 2995 634 3041 more
647 2971 758 3041 soleat
772 2972 825 3040 uti
838 2970 1004 3040 libertate
1021 2969 1210 3061 illaquam

165 3085 314 3167 vatibus,
333 3085 467 3178 Lyricis
484 3088 616 3178 pariter
632 3111 673 3157 ac
691 3086 856 3169 scenicis,
872 3087 1112 3156 concedebant
1136 3087 1211 3178 ple-

165 3224 314 3293 rumque
334 3203 438 3294 prisci
459 3203 639 3286 homines;
665 3203 867 3273 libertatem
894 3227 973 3273 eam
999 3204 1078 3272 dico
1104 3214 1141 3273 et
1167 3203 1209 3272 li-

165 3317 328 3397 centiam,
347 3326 388 3386 ut
409 3319 503 3388 cives
529 3319 710 3410 primarios
736 3321 898 3411 ipsosque
924 3322 1011 3389 adeo
1029 3319 1208 3412 Tyrannus

165 3432 237 3501 sive
264 3433 309 3500 de
334 3434 438 3503 rebus
465 3436 554 3505 actis
579 3436 887 3527 reprehenderent,
906 3438 978 3506 sive
999 3438 1043 3505 de
1064 3436 1208 3528 agendis

164 3556 360 3616 monerent.
412 3549 492 3633 Quo
510 3550 546 3618 in
564 3560 773 3642 argumento
791 3552 874 3620 satis
891 3551 1082 3641 apparebit,
1098 3551 1207 3618 etiam

164 3663 262 3732 iniis
282 3687 362 3755 quae
385 3666 429 3735 ad
456 3667 710 3757 rempublicam
736 3667 925 3758 pertinent,
944 3667 988 3734 ad
1009 3677 1207 3735 extremam

164 3796 275 3867 usque
302 3786 523 3846 senectutem
551 3781 703 3871 viguisse
736 3779 887 3870 pueriles
918 3778 1060 3847 Pindari
1095 3781 1205 3848 nostri

165 3910 296 3972 sensus,
317 3894 507 3984 patriaeque
537 3916 693 3963 amorem
724 3900 849 3984 sponte
878 3916 950 3961 non
975 3901 1051 3962 arte
1081 3917 1206 3963 accen·

164 4024 251 4073 sum.

211 4116 377 4210 Denique
401 4133 442 4192 ut
465 4147 536 4193 uno
557 4126 664 4195 verbo
685 4127 881 4217 expediam,
900 4147 970 4214 quo
989 4146 1128 4194 summa
1146 4124 1208 4194 ho-

165 4231 274 4302 dierni
305 4239 476 4309 sermonis
502 4242 648 4311 tendere
673 4241 855 4322 videatur3
886 4262 1015 4332 magna
1039 4238 1116 4309 laus
1141 4250 1205 4320 est,

164 4347 249 4418 mihi
275 4351 418 4433 credite,
445 4351 664 4439 Academici,
691 4378 828 4448 magna,
852 4356 1007 4446 inquam,
1031 4376 1072 4422 ac
1097 4376 1205 4445 prope
