2768 4876
164 331 351 386 rannpxxu.
398 311 483 390 Qoid
494 310 596 376 cobar
609 311 673 394 αρἰις
687 332 755 374 caan
770 312 881 376 Furiis
895 312 1081 398 disceptatio.
1149 315 1212 376 425
1334 325 1336 328 ’

166 477 352 560 οἰκονομίαι
388 500 459 548 non
486 486 608 548 tamen
634 475 715 549 ideo
741 480 939 570 putandum
966 480 1125 549 deminui
1150 480 1214 549 ali-

168 593 253 683 quid
283 593 329 662 de
359 592 504 662 consilio
539 593 670 675 Peetae,
700 617 771 684 quo
804 593 865 663 ille
899 603 1027 665 aestum
1058 595 1216 664 turbam-

166 729 234 799 que
265 729 384 776 rerum
417 705 652 778 humanarum
686 709 926 798 repraesentari
956 708 1079 790 voluit,
1107 709 1216 778 dubia

165 820 282 891 adhuc
304 830 343 890 et
365 822 514 891 obscura
538 821 618 915 lege
640 822 767 891 divinae
791 822 1065 914 gubernationis.
1116 822 1215 906 Quin

165 937 284 1027 potius
302 936 423 1006 decuit
439 957 618 1006 summum
635 937 818 1018 artificem,
832 937 984 1028 arripere
1001 939 1215 1008 sententiam

165 1051 262 1142 prius
281 1048 390 1143 vulgo
415 1059 606 1142 receptam,
624 1059 661 1120 et
687 1052 733 1121 od
756 1073 840 1121 usus
865 1073 946 1121 suos
972 1074 1117 1142 suaeque
1138 1053 1216 1143 phi-

165 1162 335 1256 losophiae
369 1164 519 1234 trahere.
584 1163 708 1255 Atque
742 1188 821 1235 eam
856 1165 1000 1256 quidem
1038 1188 1114 1235 rem
1151 1189 1215 1237 nos

164 1285 270 1347 antea
292 1279 371 1369 jam
400 1278 594 1371 tetigimus,
620 1301 692 1369 quo
720 1287 881 1371 tempore
910 1280 1129 1371 disputatum
1159 1290 1216 1352 est

166 1392 211 1461 de
234 1391 451 1461 Prometheo
472 1392 620 1464 Vincto.
673 1392 772 1463 Nam
797 1393 890 1463 sicut
914 1392 965 1463 ibi
987 1394 1216 1465 dubitabatur

165 1506 209 1576 de
225 1506 389 1577 bonitate
411 1509 565 1599 supremi
586 1507 761 1592 Rectoris,
777 1518 922 1599 propter
945 1508 1040 1579 mala
1057 1533 1137 1600 quae
1155 1532 1216 1580 vo-

165 1628 247 1692 cant
263 1621 459 1704 naturalia3
484 1624 537 1692 ita
553 1631 591 1692 et
607 1622 666 1692 hic
684 1645 756 1692 non
769 1622 924 1705 defuere,
935 1623 995 1713 qui
1011 1624 1215 1714 aequitatem

165 1737 239 1826 ejus
269 1745 465 1828 carperent,
494 1746 639 1828 propter
672 1736 839 1829 ambigua
871 1735 1057 1805 hominum
1091 1735 1214 1819 officia,

164 1853 381 1943 praemiaque
397 1859 435 1922 et
452 1874 572 1944 poenas
589 1874 661 1920 non
678 1858 776 1921 certa
792 1850 872 1944 lege
889 1859 1043 1920 exactas.
1084 1849 1216 1942 Neque

165 1989 246 2037 vero
267 1990 339 2036 non
360 1968 457 2037 omni
482 1976 653 2059 tempore,
671 1966 822 2036 demissa
841 1967 919 2057 jam
941 1967 986 2035 de
1013 1965 1098 2064 caelo
1123 1967 1214 2051 luce,

164 2083 362 2151 extiterunt
380 2081 439 2172 qui
457 2081 530 2150 sive
548 2080 810 2150 misericordem
834 2102 896 2149 seu
914 2081 1091 2150 vindicem
1108 2104 1216 2174 nega-

163 2203 241 2265 rent
259 2217 336 2265 esse
354 2193 496 2278 Deum3
522 2194 580 2265 vel
601 2195 647 2265 ob
667 2195 843 2264 severiora
859 2193 1022 2266 Judaicae
1042 2195 1130 2288 legis
1154 2197 1216 2265 do·

164 2317 341 2390 cumenta,
353 2309 410 2380 vel
427 2317 573 2401 propter
588 2308 847 2401 indulgentiam
863 2331 952 2391 eam,
964 2332 1070 2400 quam
1088 2333 1162 2401 prae
1178 2334 1215 2380 se

164 2425 231 2494 fert
249 2425 408 2516 perfecta
424 2448 465 2494 ac
483 2447 566 2495 vera
583 2423 718 2517 religio.
758 2423 947 2517 AEschylus
964 2424 1085 2517 igitur,
1103 2434 1216 2494 trans-

164 2539 235 2611 lata
251 2541 320 2617 hac
337 2540 401 2609 lite
422 2541 467 2609 de
490 2539 633 2609 familiis
658 2538 983 2631 philosophantium
1000 2539 1037 2607 in
1054 2539 1215 2610 Deorum

164 2654 312 2725 concilia
337 2662 375 2723 et
400 2662 523 2735 eoetus,
544 2651 658 2722 voluit
684 2650 891 2743 Apollinem
917 2673 998 2720 cum
1023 2651 1102 2722 Diis
1118 2653 1216 2743 juni·

165 2770 282 2840 oribus
299 2770 479 2862 specimen
496 2769 571 2838 fore
587 2767 730 2837 lenioris
747 2765 841 2836 illius
858 2767 1054 2837 sententiae.
1107 2767 1215 2838 Unde

165 2887 273 2956 etiam
298 2887 364 2954 sub
389 2885 496 2977 adyto
519 2884 594 2974 ejus
618 2882 674 2951 vel
702 2883 790 2974 ipsae
814 2903 954 2970 quoque
979 2881 1096 2951 Furiae
1123 2881 1216 2951 mul-

164 3010 289 3071 centur
304 3000 350 3070 ad
364 3008 516 3092 tempus,
530 2998 729 3088 fruiturque
746 2995 924 3087 paulisper
938 2996 1083 3068 Orestes
1094 2996 1215 3086 quieto

164 3115 325 3196 statione,
337 3113 444 3204 juxta
460 3111 668 3204 religionem
685 3110 734 3202 pii
752 3110 935 3200 sanctique
949 3108 1018 3179 loci
1031 3108 1063 3179 t:

375 3250 416 3304 καί
428 3252 473 3304 νῦν
483 3247 599 3304 ἁλούσας
610 3247 693 3303 τάσδε
703 3248 750 3303 τὰς
760 3248 876 3319 μάργους
887 3248 950 3316 ὁρᾷς

374 3334 454 3410 imp·
472 3338 583 3391 πονοῦσι
595 3333 617 3388 δ’
630 3335 656 3386 al
669 3334 843 3388 κατάπτυστοι
855 3335 936 3402 κόραι.

167 3451 275 3522 Porro
306 3450 498 3543 expendite
525 3449 633 3519 verba
657 3447 845 3539 Apollinis,
875 3470 956 3518 non,
982 3447 1128 3518 ferentis
1157 3470 1214 3518 ea-

167 3590 242 3637 rnm
260 3574 444 3658 aspectum
455 3574 485 3648 ¹¹,

376 3703 437 3771 ἔξω,
449 3700 554 3766 κελεύω,
566 3702 646 3758 τῶνδε
658 3703 781 3772 δωμάτων
792 3701 872 3772 τάχος

374 3786 487 3860 χωρεῖτ’,
498 3787 706 3844 ἀπαλλάσσεσθε
717 3793 843 3857 μαντικῶν
854 3792 952 3858 μυχῶν.
962 3826 968 3842 .
980 3826 1004 3841 ..

376 3879 447 3931 οὔτοι
459 3875 563 3944 δόμοισι
574 3876 665 3930 ταῖσδε
675 3875 852 3946 χρίμπτεσθαι
864 3873 965 3944 πρέπει·

376 3962 436 4017 ἄλλ’
449 3961 479 4017 οὗ
491 3964 675 4032 καρανιστῆρες
686 3959 891 4032 ὀφθαλμωρύχοι

374 4047 451 4112 δίκαι,
464 4049 568 4120 σφαγαί
578 4071 616 4112 τε,
629 4047 778 4117 σπέρματος
788 4047 809 4101 τ’
822 4046 964 4117 ἀποφθορὰ

374 4143 481 4208 παιδίον,
493 4140 556 4211 κιικίρ
568 4164 596 4198 τε
608 4141 724 4212 χλούνις,
736 4139 775 4211 ἧδ’
787 4139 906 4212 ἀκρωνία,

241 4369 247 4375 ,
304 4296 463 4377 ‘Eume
632 4371 634 4374 ,
895 4292 996 4371 rus.
1012 4304 1070 4363 179·
1092 4271 1095 4278 '
