2768 4876
191 347 277 392 rur..
289 349 403 391 xxxiv.
440 328 504 392 Gar
516 350 551 392 oc
557 327 811 413 sacilimserard
828 329 1010 394 Christiani.
1171 329 1235 393 683

194 503 241 553 res
266 493 333 565 est,
355 507 401 552 ne
427 484 522 554 dicat
545 483 671 575 aliquis
697 484 952 554 incredibilem.
1004 484 1123 554 Pauca
1139 508 1235 575 quae-

194 595 267 667 dam
286 598 333 667 de
350 599 464 670 causis
480 599 556 690 ejus
572 598 640 668 hoc
656 608 818 691 ternpore
835 600 1005 669 disserere
1023 598 1122 668 libet.

232 713 325 798 Quae
343 714 487 804 quidem
504 715 588 783 satia
605 722 711 784 erunt
733 715 769 783 in
796 723 973 806 promptu,
992 715 1098 783 modo
1115 737 1180 784 nos
1195 714 1236 783 il-

191 823 244 897 lud
262 851 339 898 non
355 829 449 899 male
465 831 701 911 statuerimus,
719 851 894 899 summam
909 830 1132 899 Lucretianae
1146 829 1234 900 Poe-

187 962 261 1015 teos
296 967 417 1015 amore
446 946 600 1036 quodam
630 950 692 1014 τοῦ
720 944 855 1039 ἀπείρου
885 947 1080 1016 contineri:
1116 945 1236 1037 placu-

178 1057 249 1130 isse
277 1060 331 1129 illi
353 1061 428 1129 viro
453 1083 528 1152 prae
553 1061 689 1130 crateris
714 1061 871 1142 obscura,
895 1061 1076 1143 immensa,
1098 1062 1236 1130 infinita

175 1177 324 1245 omnia:
354 1177 476 1268 itaque
506 1176 661 1246 adamari
688 1176 734 1245 ab
762 1199 805 1246 eo
833 1175 1096 1268 Philosophiam
1124 1176 1235 1258 illam,

169 1311 262 1382 quae
279 1292 318 1360 in
335 1292 532 1361 istiusmodi
550 1291 751 1384 regionibus
765 1293 848 1382 jure
865 1291 1017 1383 quodam
1036 1314 1099 1361 suo
1117 1295 1234 1384 vagari

160 1407 309 1504 soleat.
365 1405 454 1476 Haec
476 1406 636 1498 pluribus
657 1416 761 1477 erunt
779 1407 997 1499 explicanda,
1016 1411 1043 1477 si
1065 1407 1234 1477 nonnulle

164 1522 252 1591 alia
284 1522 380 1613 prius
409 1522 573 1602 attulero,
599 1544 678 1613 quae
708 1545 730 1592 a
758 1523 859 1591 nobis
889 1523 1090 1594 excusanda
1120 1532 1233 1602 emnt,

163 1639 206 1708 si
227 1637 290 1707 cui
309 1638 458 1706 nimium
480 1639 657 1728 patientes
674 1638 873 1707 videbimur
890 1638 927 1706 in
945 1639 1096 1708 nefanda
1114 1648 1151 1707 et
1168 1639 1234 1706 im·

165 1755 241 1845 pia
260 1752 515 1845 Epicureorum
533 1753 679 1822 ratione.

233 1866 367 1950 Primo,
385 1870 463 1960 quis
490 1891 560 1937 non
586 1868 765 1961 intelligit,
791 1869 964 1959 disparem
991 1869 1135 1937 omnino
1160 1869 1234 1938 fore

172 2005 327 2056 causam
356 2007 490 2066 eorum,
517 1984 577 2075 qui
607 1992 694 2053 tnnc
721 1985 889 2075 temporis
919 1986 1106 2076 negabant,
1139 1982 1234 2053 Deos

175 2101 297 2170 ullam
330 2099 535 2192 impendere
569 2122 689 2169 curam
722 2099 941 2181 mortalibus,
973 2110 1080 2190 atque
1112 2122 1234 2168 eorum

180 2217 247 2307 qui
282 2215 387 2285 hodie
421 2224 564 2309 negant,
598 2222 678 2307 post
713 2223 769 2284 tot
803 2216 929 2284 divinae
963 2216 1131 2284 bonitatis
1170 2216 1235 2297 mi-¹

182 2327 329 2398 recula?
381 2326 520 2398 Habuit
546 2335 643 2398 certe
668 2326 792 2408 multe,
819 2349 900 2417 quae
922 2336 1041 2418 posset
1068 2327 1233 2418 proferre,

185 2453 290 2513 vetus
314 2442 375 2512 illc
393 2443 536 2535 Epicuri
558 2467 657 2536 grex,
684 2465 833 2534 quorum
854 2441 952 2523 nihil,
974 2443 1040 2510 hoc
1063 2451 1233 2534 ternpore,

186 2560 337 2651 quilibet
353 2561 467 2629 bonus
483 2562 520 2628 in
538 2582 575 2629 se
593 2560 810 2628 admitteret.

236 2676 359 2767 Atque
384 2676 478 2744 haud
508 2677 589 2756 scio,
613 2697 658 2744 an
674 2698 731 2743 .e0
764 2673 900 2742 facilius
925 2674 1083 2765 ignoscat
1109 2672 1234 2763 aliquis

188 2791 326 2860 illorum
353 2792 555 2873 dementiae,
572 2815 642 2881 quo
669 2791 715 2858 sit
740 2791 815 2880 ipse
836 2790 976 2857 veritati
1003 2798 1234 2858 sacrosanctae

188 2910 368 2978 addictior.
411 2907 598 2977 Noverunt
615 2915 720 2988 certe,
740 2908 798 2997 qui
818 2905 880 2975 tali
899 2915 980 2973 sunt
998 2906 1127 2986 animo,
1144 2903 1235 2972 mul-

187 3031 224 3091 to
249 3021 377 3092 melius
402 3044 508 3112 quam
535 3020 661 3114 vulgus
686 3020 881 3102 hominum,
905 3021 1045 3109 quantis
1072 3019 1235 3088 subsidiis

188 3137 362 3207 ‹aruerint
380 3147 529 3218 veteres,
542 3160 613 3205 non
631 3159 694 3205 sua
705 3135 769 3223 (sic
787 3135 882 3204 enim
900 3135 1055 3224 videtur)
1069 3132 1130 3202 sed
1145 3142 1235 3201 tem·

188 3275 311 3343 porum
331 3251 445 3342 culpa
498 3251 591 3320 Fieri
609 3253 730 3343 itaque
748 3260 875 3341 potest,
893 3259 934 3318 ut
952 3250 1132 3317 interdum
1156 3247 1234 3338 plus

187 3390 285 3459 oequo
315 3367 523 3460 indulgeant
553 3368 675 3458 priscis
700 3366 939 3457 scriptoribus,
964 3363 1057 3432 male
1085 3365 1129 3432 de
1157 3361 1235 3431 Diis

187 3483 430 3553 sentientibus.
485 3483 601 3550 Immo
632 3481 763 3568 (dicam
798 3482 904 3561 enim,
936 3482 1028 3549 bone
1062 3480 1235 3549 recentio-

187 3620 264 3666 rum
284 3597 401 3686 venia)
419 3597 557 3687 quoties
582 3598 699 3689 agitur
725 3597 770 3664 de
795 3582 968 3688 portentis
991 3595 1061 3664 illis
1080 3595 1234 3686 Epicuri,

185 3713 325 3804 gravius
358 3732 458 3802 paene
488 3711 656 3802 quiddam
686 3733 728 3779 ac
759 3712 913 3780 severius
943 3732 1065 3778 sonare
1093 3709 1236 3777 videtur

187 3825 241 3894 M.
264 3824 410 3907 rullius,
441 3849 548 3916 quam
577 3849 699 3895 eorum
730 3825 920 3906 cathedrae,
949 3825 1008 3914 qui
1044 3823 1137 3914 apud
1171 3846 1235 3892 nos

187 3938 393 4033 Philosophi
415 3941 603 4010 habentur.
657 3940 738 4010 Hoc
758 3940 848 4010 illud
871 3950 946 4009 erat
965 3940 1120 4018 fortasse,
1139 3940 1234 4029 quod

186 4057 214 4124 is
241 4055 447 4124 Lucretium
478 4055 576 4124 nullo
609 4078 773 4146 unquam·
793 4064 962 4147 tempore,
989 4054 1083 4145 quod
1114 4053 1233 4136 sciam,

185 4171 344 4240 nominat
369 4171 406 4238 in
431 4170 680 4262 philosophicis
705 4173 795 4239 suis:
828 4193 908 4238 cum
926 4181 1047 4239 temen
1065 4171 1234 4238 curiosius

187 4286 340 4376 quodam
366 4285 445 4355 loco
470 4307 592 4355 eorum
620 4287 744 4355 seriem
770 4292 991 4376 exsequetur,
1011 4283 1070 4372 qui
1090 4281 1233 4374 Epicuri
