2768 4876
162 343 359 384 rannxxrv.
377 319 588 384 Ourucliuler
596 321 732 404 Lycaeos
744 319 898 384 obscurior
907 322 1128 387 sttPtoduuo.
1149 327 1213 390 475

163 493 193 560 is
221 489 368 571 fabulas,
397 491 598 571 sententias,
625 499 791 561 caeteram
820 492 1013 560 carminum
1042 494 1214 584 supellec-

164 605 266 675 tilem
285 604 462 697 colligere.
518 603 717 695 Utramque
743 605 789 674 ob
815 628 956 674 causam
982 607 1148 676 incertior
1171 610 1214 678 fit

164 721 381 810 conjectura,
399 743 469 811 quo
493 720 714 811 potissimum
739 721 912 789 desiderio
935 722 1027 790 ictus
1050 733 1214 794 cantave-

164 838 222 905 rit.
275 836 406 918 Prim0‚
425 834 552 928 vulgus
570 859 703 917 eorum,
721 836 781 927 qui
800 836 936 928 legunt,
948 846 1127 920 avocatur,
1143 862 1213 908 non

165 953 310 1022 auribus
327 953 442 1029 solum
460 954 522 1022 sed
539 953 665 1021 animis
682 975 834 1043 quoque,
852 977 873 1022 a
891 975 928 1021 re
945 962 1053 1044 atque
1070 977 1091 1022 a
1108 957 1215 1046 scrip-

165 1069 252 1138 toris
290 1067 420 1137 affectu
462 1069 498 1136 in
541 1069 712 1136 musicam
752 1068 928 1158 quandam
968 1069 1213 1140 subtilitatem.

166 1183 308 1253 Deinde
326 1185 493 1264 sentiunt,
507 1184 629 1274 rapida
646 1206 761 1251 rerum
781 1185 979 1253 mutatione
995 1208 1037 1254 ac
1054 1187 1213 1270 decursu,

165 1301 362 1393 praestringi
393 1299 653 1389 quodammodo
681 1300 817 1389 judicia
851 1323 924 1379 sua,
955 1303 1046 1370 sicut
1080 1301 1215 1372 lumina

165 1417 337 1486 citissimo
354 1425 478 1497 motu3
502 1438 547 1483 ne
565 1416 706 1506 penitus
723 1438 866 1484 cernere
884 1418 1017 1506 possint
1030 1419 1114 1507 quid
1132 1430 1214 1512 agat

164 1533 317 1623 scriptor
332 1529 479 1621 singulis
496 1531 725 1621 temporibus
744 1553 858 1620 quove
884 1531 1106 1621 potissimum
1125 1536 1215 1603 desi-

165 1649 263 1716 derio
282 1655 457 1716 teneatur.

215 1760 585 1830 Animadvertendum
602 1768 780 1852 praeterea,
793 1761 886 1852 quod
905 1763 940 1831 in
961 1763 1124 1832 omnibus
1138 1786 1215 1854 quae

165 1878 310 1969 quidem
340 1885 466 1945 extant
494 1876 637 1945 Pindari
668 1876 891 1958 carminibus,
917 1900 988 1945 non
1015 1881 1122 1946 sumit
1148 1881 1214 1949 sibi

164 1994 351 2063 materiem
370 1992 493 2074 Poeta,
512 1992 572 2060 sed
595 1992 632 2059 in
653 2015 778 2062 manus
796 1993 914 2062 datam
933 1994 1089 2085 suscipit.
1142 1995 1215 2066 lta-

165 2133 236 2200 que
263 2117 396 2201 praeter
425 2130 651 2177 communem
681 2107 779 2176 illam
805 2131 912 2198 quam
943 2132 1006 2179 nos
1031 2111 1215 2202 tetigimus

167 2227 375 2319 Lyricorum
410 2225 667 2304 verecundiam,
703 2224 897 2315 imponitur
934 2225 986 2294 illi
1026 2228 1215 2298 necessitas

166 2343 332 2433 quaedam
357 2340 512 2432 fingendi
539 2337 705 2420 ἐνδόσιμα,
731 2340 909 2408 interdum
937 2340 1104 2432 longiora,
1130 2365 1215 2431 quo-

167 2480 244 2525 rum
273 2479 337 2547 per
357 2465 511 2526 tractum
530 2464 568 2523 et
585 2457 711 2524 seriem
729 2456 873 2525 tandem
892 2455 1079 2545 aliquando
1104 2459 1215 2547 possit

167 2573 336 2641 accedere
352 2573 396 2641 ad
414 2595 526 2640 unum
545 2571 699 2662 aliquem
718 2572 762 2640 de
780 2570 937 2640 fontibus
963 2593 1033 2640 suae
1059 2595 1214 2663 poeseos

169 2687 301 2756 Fontes
332 2696 452 2755 autem
481 2686 633 2755 Poeseos
660 2686 821 2779 intelligo
850 2686 926 2755 illas
954 2689 1134 2778 imagines,
1165 2691 1216 2758 af-

169 2802 293 2882 fectus,
317 2802 497 2883 desideria,
521 2801 648 2892 quibus
676 2811 869 2893 occupatur
896 2803 1021 2872 intima
1047 2805 1215 2894 cujusque

170 2940 282 2986 mena.

219 3032 277 3102 Ac
294 3034 416 3102 videor
434 3032 520 3102 mihi
538 3033 630 3101 forte
644 3034 795 3122 quadam
813 3033 871 3101 hic
885 3033 1065 3103 devenisse
1084 3034 1120 3101 in
1133 3056 1215 3103 eum

171 3148 298 3228 locum,
329 3148 388 3238 qni
420 3149 575 3216 maxime
609 3157 712 3238 aptus
748 3149 794 3217 sit
829 3149 1017 3216 eximendo
1053 3150 1085 3217 ei
1121 3171 1216 3218 scru-

171 3263 264 3354 pulo,
291 3264 351 3354 qui
379 3264 424 3331 de
451 3262 597 3332 Poetica
626 3264 887 3354 disputantibus
917 3264 1006 3334 solet
1036 3266 1215 3334 interdum

172 3401 247 3448 esse
278 3379 468 3448 molestior.
522 3378 666 3470 Nempe
699 3381 880 3461 mirantur,
909 3403 979 3470 quo
1008 3389 1113 3472 pacto
1141 3381 1216 3450 fieri

171 3495 290 3584 possit,
309 3502 350 3562 ut
371 3502 491 3584 pareat
509 3494 626 3562 vivida
644 3493 705 3562 illa
723 3494 913 3563 Poetarum
933 3497 983 3565 vis
1004 3519 1066 3565 seu
1092 3518 1215 3588 regum

167 3608 281 3698 jussis,
300 3609 372 3676 sive
398 3609 608 3699 populorum
634 3607 853 3690 clamoribus,
874 3632 937 3678 seu
962 3610 1082 3679 tacitae
1103 3611 1217 3701 cujus-

172 3745 240 3813 que
266 3723 380 3792 aetetis
408 3725 591 3792 sententiae
618 3731 655 3792 et
677 3722 806 3793 indoli:
833 3724 1006 3792 mirantur
1023 3722 1215 3816 Virgilium

173 3847 262 3906 nutu
285 3836 433 3907 Caesaris
457 3837 646 3907 contulisse
673 3861 710 3906 se
732 3839 776 3906 ad
798 3838 948 3908 AEneida
974 3837 1216 3921 scribendam;

172 3954 346 4021 mirantur
366 3952 579 4044 Spenserum
606 3977 699 4022 nunc
724 3953 970 4044 Epithalamiis
993 3976 1087 4022 nunc
1109 3953 1219 4024 Thre-

172 4069 286 4137 nodiis
314 4069 450 4138 dedisse
481 4091 634 4160 operam,
660 4078 765 4158 prout
793 4069 961 4159 cujusque
991 4076 1218 4159 patronorum

172 4205 226 4253 res
252 4183 490 4275 postulabant.
543 4181 599 4251 Ac
626 4184 741 4274 potuit
766 4183 913 4252 fortasse
939 4183 1143 4252 nonnemini
1160 4206 1220 4252 ve-

174 4300 248 4368 nire
268 4298 305 4368 in
332 4308 502 4382 mentem,
523 4300 663 4367 ardores
689 4299 784 4379 istos,
803 4319 890 4388 quos
909 4299 1048 4387 jactant
1067 4297 1220 4368 Poeseos
