2768 4876
200 339 265 404 626
344 342 506 405 Rusticum
521 340 636 404 Poesin
650 338 702 403 bor
715 347 841 422 tompore
856 356 928 422 opor
942 355 1021 400 erm:
1067 355 1163 396 rann.
1174 350 1250 394 xxx.

202 507 321 576 venire
338 508 503 577 videntur
525 528 607 577 cum
630 528 673 575 ea
689 506 788 596 quasi
810 503 971 586 formula,
988 525 1094 594 quam
1122 523 1187 571 nos
1208 499 1252 570 ab

201 620 304 688 initio
322 620 510 689 statuimus
528 620 573 688 de
591 618 687 687 omni
706 617 859 688 Poeseos
875 639 1015 711 genere.
1038 658 1040 661 -

253 732 417 804 Occurrit
440 741 561 803 autem
586 733 654 803 hoo
674 732 753 803 loco
771 734 864 824 quod
890 733 1037 800 minime
1058 727 1178 798 omitti
1196 749 1252 796 ve-

201 848 286 918 lim:
318 857 373 918 ast
400 850 495 917 enim
526 847 680 917 officiosa
705 848 864 938 quaedam
898 847 1055 945 quaestio.
1108 842 1251 926 Quaeras

202 961 380 1046 videlicet,
398 963 461 1054 qui
486 963 561 1032 fieri
587 963 708 1054 possit,
725 971 767 1031 ut
793 945 953 1030 homines
978 957 1175 1053 gravissimi
1200 964 1252 1025 at

202 1101 271 1169 que
290 1079 415 1170 optimi
435 1079 525 1147 tanti
543 1078 674 1147 faciant
691 1100 769 1146 eam
788 1085 911 1157 artem,
925 1098 995 1166 qua
1008 1083 1081 1144 tam
1101 1072 1253 1141 libenter

201 1193 380 1260 caruerint
411 1191 447 1272 ii,
476 1190 536 1280 qui
566 1191 727 1281 proxime
757 1190 802 1258 ab
831 1189 907 1280 ipso
938 1188 1053 1257 Fonte
1082 1186 1252 1256 bonitatis

202 1307 359 1375 aberant.
412 1305 529 1374 Immo
555 1303 612 1374 rel
641 1316 720 1373 eam
746 1304 792 1373 ob
818 1327 961 1374 causam
989 1326 1083 1372 nunc
1111 1326 1253 1394 quoque

202 1441 382 1511 superesse
406 1420 613 1489 crediderim
635 1420 748 1510 prisca
769 1427 806 1488 et
832 1418 982 1510 simplici
1000 1420 1134 1488 virtute
1151 1418 1252 1497 viros,

202 1535 262 1624 qui
289 1542 405 1603 totum
430 1533 508 1615 hoc,
527 1532 646 1603 Versu
672 1533 833 1616 scribere,
860 1533 970 1603 oculis
996 1555 1119 1624 parum
1146 1531 1253 1623 aequis

202 1649 396 1741 aspiciaut3
431 1672 506 1717 rem
532 1649 663 1740 quippe
691 1657 830 1719 terrena
857 1646 942 1717 labe
972 1655 1185 1731 contactam,
1216 1654 1253 1716 et

203 1786 285 1832 rum
310 1762 451 1833 luxuria
468 1772 506 1833 et
522 1762 673 1832 mollitie
692 1764 762 1857 (sic
774 1764 868 1833 enim
888 1763 953 1832 sibi
970 1764 1104 1856 fingere
1123 1762 1252 1853 solent)

202 1879 396 1949 arctissime
414 1881 649 1971 conjunctam.
869 1893 870 1898 ’

254 1989 316 2073 Hi,
334 2002 375 2061 ut
397 2000 497 2084 puto,
518 1993 685 2063 monendi
711 2001 806 2075 sunt,
829 2016 875 2063 ne
901 1994 1052 2062 doceant
1076 1992 1123 2061 ab
1149 1991 1252 2083 aegris

203 2107 320 2198 sperni
349 2108 478 2177 debere
506 2109 729 2190 medicinam,
753 2117 939 2200 propterea
962 2107 1056 2199 quod
1083 2129 1127 2176 ea
1150 2105 1253 2176 facile

204 2230 393 2290 caruerunt
414 2223 499 2292 sani.
552 2221 640 2305 Quis
656 2223 734 2307 soit,
751 2245 796 2291 au
819 2224 998 2314 praecipua
1014 2221 1165 2313 quadam
1193 2220 1254 2288 be-

203 2336 301 2429 nigni
321 2336 489 2406 Numinis
513 2337 696 2407 voluntate
721 2338 792 2420 fiat,
811 2346 852 2407 ut
876 2362 919 2407 eo
944 2335 1137 2429 praesertim
1163 2344 1253 2405 tem·

204 2473 289 2542 pore
308 2453 425 2543 vigeat
451 2453 539 2521 ruris
565 2476 664 2522 amor
688 2460 725 2522 et
746 2451 908 2534 Naturae,
927 2461 965 2522 et
988 2452 1183 2522 carminum
1210 2462 1252 2519 eo

205 2567 452 2657 spectantium,
483 2591 553 2658 quo
584 2567 706 2659 procul
737 2591 757 2636 e
787 2569 967 2637 communi
996 2567 1253 2636 consuetudine

204 2682 354 2751 abierint
373 2706 426 2767 ea,
444 2707 593 2773 quorum
614 2706 681 2774 ope
705 2684 854 2774 majores
878 2685 987 2753 nostri
1006 2681 1165 2763 ἀμουσίαν
1182 2704 1253 2752 nou

204 2797 307 2865 inviti
334 2797 516 2866 tulerunt?
567 2797 658 2866 Cum
685 2799 779 2866 enim
807 2799 845 2867 in
872 2799 983 2867 tribus
1004 2798 1116 2866 ferme
1138 2797 1253 2876 rebus,

204 2920 245 2979 ut
273 2919 356 2979 aute
383 2912 468 2992 dixi,
492 2913 699 2980 consisteret
725 2934 847 2980 eorum
877 2911 1053 2992 solatium,
1079 2912 1254 2980 vaticiniis

205 3025 340 3094 scilieet
374 3026 508 3105 divinis,
540 3026 675 3094 solenni
710 3049 825 3117 prece,
861 3049 1039 3095 sacrorum
1073 3026 1254 3118 signorum

205 3142 326 3231 copia;
354 3165 437 3210 rarae
454 3141 521 3210 hoc
539 3150 700 3232 tempore
715 3142 822 3228 (absit
836 3141 931 3211 dicto
949 3142 1094 3233 invidia)
1109 3142 1147 3209 iu
1164 3150 1255 3210 tem-

204 3255 272 3348 plis
293 3266 491 3326 nostrorum
519 3267 601 3327 sunt
628 3280 760 3349 preces
779 3258 911 3349 diuque
928 3258 1160 3338 intermissae3
1187 3257 1255 3348 sig-

204 3394 328 3439 norum
344 3392 530 3453 sacrorum,
545 3372 661 3464 qualia
676 3381 812 3441 veteres
825 3373 1046 3463 reperiebant
1060 3373 1157 3441 omui
1176 3370 1254 3441 loco

204 3510 246 3555 ao
272 3494 443 3578 tempore,
469 3511 514 3556 ne
541 3488 692 3578 suspicio
715 3487 856 3578 quidem
881 3486 954 3556 ulla
977 3495 1041 3568 est,
1063 3487 1131 3555 uisi
1156 3488 1256 3577 siqua

205 3604 297 3672 forte
330 3603 493 3671 inciderit
524 3603 659 3671 mentio
689 3603 829 3672 illorum
857 3626 935 3693 quae
966 3604 1034 3671 rite
1068 3601 1106 3670 in
1140 3603 1255 3694 adytis

206 3726 377 3811 aguntur:
406 3717 642 3787 Hebraeorum
660 3716 800 3787 oracula
817 3717 942 3810 legunt
959 3717 1103 3807 quidem
1121 3740 1255 3799 omues,

207 3834 268 3902 sed
289 3833 411 3923 jejune
430 3839 466 3899 et
484 3831 632 3912 exiliter,
652 3833 781 3922 quippe
799 3833 859 3922 qui
878 3833 921 3901 de
943 3831 1045 3901 litera
1068 3831 1144 3901 sola
1161 3834 1258 3924 cogi-

207 3953 282 4015 tare
306 3947 469 4014 audeant.
522 3944 637 4036 Igitur
655 3968 692 4014 se
709 3945 753 4013 ad
772 3944 1107 4034 rura'rusticamque
1126 3943 1257 4014 Poesin

207 4061 382 4149 recipiunt
402 4058 562 4128 homines
588 4082 658 4128 non
683 4058 795 4142 inviti,
814 4069 920 4149 atque
941 4059 990 4128 ibi
1010 4059 1178 4128 fruuntur
1195 4080 1262 4126 ex-

208 4175 293 4242 imio
311 4176 462 4263 quodam
480 4173 626 4256 solatio;
654 4172 752 4244 nulla
772 4175 867 4242 enim
891 4172 1060 4265 religione
1078 4182 1258 4250 tenentur,
