2768 4876
165 316 229 381 750
342 313 487 391 Εῖρωνεία
501 312 535 372 in
549 308 733 373 animalibus
747 307 954 375 araim.
984 329 1080 372 rnna.
1093 331 1214 371 xxxva.

165 488 250 556 fecit
277 485 398 567 Poeta,
417 495 458 554 ut
482 485 600 553 omnia
626 483 830 552 viderentur
854 483 962 572 ipsius
981 482 1129 572 juvenci
1157 481 1217 550 de-

165 602 296 672 clarare
331 611 497 670 moestum
532 600 684 669 orbitate
718 599 886 668 animum.
947 596 1007 667 Sic
1041 598 1215 667 humanos

165 741 268 810 poene
285 717 432 786 affectus
449 738 634 806 moresque
651 715 797 806 principi
821 715 954 805 pecoris
972 714 1135 784 consulto
1155 715 1214 784 sed

167 834 275 902 tacite
301 832 436 901 tribuit.
488 832 628 900 Deinde
659 831 810 899 rationes
840 828 995 908 adducit,
1022 853 1087 898 cur
1112 828 1215 898 solito

166 949 285 1016 durior
301 948 474 1017 habeatur
491 946 630 1014 illorum
649 967 758 1015 casua.

308 1074 380 1133 Quid
393 1075 468 1128 labor
480 1084 526 1128 aut
538 1073 675 1127 benefacta
682 1073 797 1143 juvant?
817 1072 881 1142 quid
893 1089 999 1126 vomere
1011 1081 1096 1126 terras

308 1161 451 1215 Invertisse
463 1165 576 1230 graves?
596 1160 670 1231 atqui
682 1176 737 1212 uon
750 1159 866 1212 Massica
880 1158 977 1212 Bacchi

307 1247 430 1309 Munera,
440 1264 495 1300 nou
508 1246 559 1299 illis
572 1247 656 1315 epulae
669 1263 782 1298 nocuere
794 1253 923 1314 repostae:

308 1332 458 1386 Frondibus
471 1340 497 1385 et
509 1332 581 1386 victu
593 1340 740 1401 pascuntur
752 1331 879 1400 simplicis
891 1331 997 1394 herbae3

308 1418 406 1471 Pocula
418 1427 482 1470 sunt
493 1417 580 1471 fontes
592 1418 696 1488 liquidi,
709 1426 787 1487 atque
799 1418 912 1471 exercita
923 1435 1005 1471 cursu

308 1503 447 1566 Flumina;
467 1521 516 1556 nec
530 1521 638 1557 somnos
651 1503 785 1573 abrumpit
797 1521 861 1556 cura
870 1504 1002 1558 salubres.

167 1610 373 1703 Intelligitis
398 1632 475 1678 earn
504 1632 580 1678 esse
606 1611 769 1679 carminis
792 1611 874 1690 vim,
897 1632 973 1699 quae
1000 1610 1129 1680 bovem
1156 1613 1214 1681 do-

166 1737 245 1798 ceat
259 1750 301 1796 ea
314 1727 397 1818 pati,
412 1748 482 1795 non
495 1726 712 1794 immeritum
728 1726 843 1806 moda,
855 1747 977 1794 verum
996 1728 1107 1795 etiarn
1118 1731 1213 1819 quasi

166 1842 342 1934 quendam
370 1864 531 1911 severum
557 1863 598 1911 ac
620 1841 736 1934 frugi3
763 1863 844 1909 oum
868 1840 988 1910 dedita
1014 1865 1122 1933 opera
1147 1867 1215 1914 ser-

165 1970 270 2029 vetur
297 1961 326 2028 is
357 1980 462 2027 sonus
491 1957 687 2038 verborum,
716 1957 776 2047 qui
804 1957 848 2025 ad
878 1956 1057 2025 homiuem
1087 1961 1216 2050 pariter

166 2077 285 2146 referri
305 2076 414 2167 possit
432 2085 539 2166 atque
565 2075 609 2143 ad
637 2074 797 2143 bestiam.
851 2073 899 2142 Et
916 2075 995 2165 quis
1012 2078 1137 2153 nescit,
1155 2076 1215 2144 illo

167 2190 409 2281 tenore'loqui
435 2191 564 2282 saepius
590 2189 817 2282 agricultores
835 2190 879 2258 de
903 2191 1048 2259 canibus
1072 2193 1154 2273 suis,
1173 2194 1216 2261 de

169 2307 296 2387 bubus,
315 2307 359 2374 de
377 2306 472 2373 omni
492 2306 641 2397 pecore?

221 2422 343 2512 Atque
375 2422 453 2490 haeo
482 2422 624 2512 quidem
656 2423 756 2491 serio.
820 2419 891 2490 Sed
925 2421 961 2488 in
991 2444 1034 2490 ea
1069 2424 1216 2491 materie

167 2539 292 2607 festive
323 2536 530 2628 plerumque
561 2538 635 2630 agit
661 2537 841 2630 Virgilius,
867 2546 903 2605 et
935 2559 1033 2605 suam
1060 2539 1217 2630 εἰρωνείαν

166 2651 330 2720 adhibet:
365 2675 435 2719 non
461 2652 563 2720 aliter
588 2675 628 2721 ac
655 2653 769 2720 solent
796 2653 919 2742 saepius
945 2664 1109 2740 parentes
1135 2665 1216 2721 cuni

167 2765 359 2834 infantibus
378 2768 448 2834 suis
466 2766 597 2848 ludere,
616 2768 758 2858 vimque
784 2767 881 2835 illam
903 2767 1143 2835 abundantem
1162 2791 1217 2835 ca-

166 2881 280 2948 ritatis
304 2881 409 2949 simul
434 2891 470 2949 et
497 2890 619 2974 tegere
645 2891 682 2950 et
709 2882 898 2951 effundere.
951 2883 1033 2974 Ipsa
1058 2905 1096 2950 se
1123 2883 1216 2951 ultro

167 2995 317 3065 effundit
336 2997 522 3077 videlicet3
546 3006 677 3066 tectam
704 3007 822 3065 autem
847 2996 979 3075 volunt,
998 2998 1091 3086 quod
1119 3009 1216 3064 certo

167 3114 291 3192 sciunt,
324 3113 398 3181 fore
433 3123 472 3180 ut
504 3114 638 3180 caeteris
673 3114 781 3180 nimia
811 3122 847 3179 et
882 3110 1013 3180 insulsa
1044 3111 1215 3178 videatur.

168 3227 299 3310 Quidni
319 3241 484 3319 putemus
510 3228 545 3294 id
573 3252 683 3320 genus
702 3251 786 3309 esse,
805 3253 882 3318 quae
900 3253 919 3296 a
938 3227 1091 3320 Virgilio
1110 3228 1216 3296 toties

166 3344 388 3424 adhibentur,
407 3343 563 3412 molliter
579 3367 660 3412 eum
683 3345 803 3435 primis
821 3356 857 3413 et
876 3345 999 3425 facete,
1019 3345 1062 3411 de
1084 3345 1216 3411 auima-

167 3458 252 3527 lium
275 3460 432 3528 moribus
455 3469 492 3527 et
517 3459 658 3528 indole?
711 3458 855 3549 Saepius,
874 3460 961 3528 milri
988 3460 1131 3537 credite,
1151 3460 1215 3526 sub

167 3574 227 3644 illa
256 3574 410 3643 ludentis
441 3575 556 3664 specie
588 3574 677 3642 latet
708 3598 769 3643 seu
798 3576 938 3666 gravius
968 3575 1110 3664 aliquod
1142 3576 1214 3643 sive

167 3691 331 3769 tenerius,
350 3712 454 3779 quam
475 3690 567 3780 quod
591 3688 692 3758 facile
720 3689 833 3759 latura
854 3701 929 3759 erat
954 3692 1111 3758 maxima
1136 3714 1215 3780 pars

167 3829 287 3873 eorum
301 3805 360 3894 qui
375 3827 493 3873 versus
511 3804 645 3895 legunt.
685 3804 797 3874 Verbi
817 3807 949 3898 gratia:
977 3807 1084 3896 signis
1103 3806 1213 3873 sereni

165 3921 334 4011 temporis
366 3920 515 3988 adscribi
540 3920 652 3988 voluit
681 3920 793 3989 Poeta
819 3945 943 4014 greges
973 3923 1104 4004 avium,
1131 3930 1214 3989 nota

167 4036 287 4105 limina
306 4037 543 4127 repetentium
556 4048 581 4103 (1.

306 4165 376 4216 Τ11111
389 4165 502 4234 liquidas
515 4166 587 4218 corvi
600 4184 691 4234 presso
703 4175 743 4218 ter
754 4175 862 4235 gutture
875 4184 952 4219 voces

573 4329 583 4358 ‘³
600 4321 692 4387 Georq.
709 4337 731 4371 1.
746 4336 806 4383 410.
