2768 4876
161 351 256 394 runa.
268 348 384 394 xxvrn.
430 329 563 394 σνοοίννο
575 326 610 392 od
625 327 784 392 medelam
799 329 862 412 eyia
877 330 1025 394 εὐκολίαν.
1148 328 1215 400 569

164 501 305 572 Deinde
333 501 544 594 Eurydicen,
570 501 753 571 Haemonis
779 511 940 581 matrem,
958 500 1152 570 admiratur
1176 502 1214 570 in

164 616 350 709 Antigone
368 614 553 688 chorusd:

377 762 404 816 τί
415 761 482 816 τοῦτ’
495 759 526 816 ἂν
538 761 682 823 clericerum
701 759 716 830 'l
729 761 792 833 γυνὴ
804 762 885 816 πόλιν

377 847 489 920 φρούδη,
501 849 563 919 πρὶν
575 848 655 902 εἰπεῖν
667 849 765 903 ἐσθλὸν
775 847 791 916 ἢ
804 849 881 902 κακὸν
892 850 982 918 λόγον.

166 969 351 1039 Postremo
371 970 408 1037 in
435 969 603 1060 Dejanira
628 991 770 1060 quoque
795 992 866 1038 nou
892 968 981 1039 alius
1002 971 1099 1060 quasi
1125 971 1216 1039 ritus

165 1084 356 1155 adhibetur
372 1084 545 1154 moriendi
556 1095 581 1153 θ.

376 1229 403 1283 τί
414 1227 468 1299 σῖγ’
482 1227 624 1299 ἇφέρπειος
644 1227 674 1281 οὗ
687 1225 802 1282 κάτοισὸ
815 1227 853 1282 ὅθ’
867 1226 959 1282 οὕνεκα

376 1317 525 1385 ξυνηγορεῖν
537 1321 642 1385 σιγῶσα
654 1317 690 1387 τῷ
703 1317 853 1386 κατηγόρῳ

213 1437 386 1522 Fuerunt,
405 1440 466 1530 qui
486 1441 621 1509 incuria
642 1440 791 1530 quadam
811 1439 960 1509 eandem
987 1462 1063 1508 reru
1089 1440 1216 1530 saepius

165 1552 345 1636 iterarent,
364 1549 474 1645 quum
500 1564 621 1624 tamen
643 1564 680 1624 et
698 1555 873 1625 variarent
899 1578 1073 1646 personae,
1093 1564 1131 1624 et
1146 1580 1217 1625 eae-

165 1670 248 1740 teris
265 1670 487 1740 declararent
504 1671 652 1752 indiciis,
671 1670 736 1740 sibi
755 1669 811 1739 vel
833 1678 978 1763 propter
995 1669 1215 1740 abundantes

164 1785 312 1856 affectus
328 1788 485 1856 nativam
504 1785 657 1856 Posseos
675 1809 802 1857 venam
820 1788 944 1856 inesse.
997 1783 1038 1854 ld
1058 1787 1153 1876 quod
1170 1787 1214 1855 ad

165 1901 406 1994 Shaksperum
438 1911 610 1987 nostrum,
636 1904 671 1972 ni
702 1902 813 1985 fallor,
845 1902 1019 1994 praeoipue
1049 1902 1217 1993 pertinet.

165 2016 236 2088 Sed
263 2043 334 2088 uon
361 2020 533 2111 ejusmodi
560 2019 705 2101 incuria,
723 2018 810 2087 mihi
835 2019 978 2097 eredita,
997 2017 1133 2086 laborat
1151 2016 1216 2086 So-

164 2132 318 2224 phocles.
372 2133 504 2224 Ecquis
535 2133 693 2203 omnium
723 2156 826 2203 versu
857 2132 1064 2203 delicatiori
1095 2135 1216 2224 eequis

165 2250 294 2319 artifex
313 2247 538 2319 Hellenioam
563 2249 722 2342 linguam
740 2251 921 2341 potentius
939 2272 1009 2340 quo
1027 2248 1138 2319 vellet
1164 2251 1217 2319 in·

164 2363 289 2434 flexit?
342 2362 481 2434 Verum
507 2364 576 2435 hoo
594 2365 706 2435 ferme
723 2367 795 2434 ritu
812 2388 849 2434 se
866 2387 939 2434 rem
959 2364 1123 2434 habuisse
1141 2389 1217 2434 ore-

165 2480 326 2551 diderim.
379 2477 463 2548 Fuit
482 2479 685 2572 Sophocles,
705 2489 746 2549 ut
763 2479 914 2571 aequales
932 2481 1006 2571 ejus
1025 2488 1215 2563 testantur,

164 2597 292 2678 animo,
306 2596 421 2687 utqui
438 2598 604 2679 maxime,
621 2596 811 2688 tranquillo
829 2619 870 2665 ao
887 2595 1038 2687 placido,
1055 2595 1215 2687 nullique

164 2710 355 2781 admodum
386 2711 443 2780 vel
473 2720 619 2802 propter
650 2735 687 2780 se
718 2710 774 2780 vel
809 2720 955 2804 propter
983 2710 1070 2780 alios
1101 2710 1223 2801 dolori

165 2826 349 2897 obnoxius.
393 2827 452 2898 sio
470 2829 565 2897 euim
583 2827 744 2920 intelligo
762 2827 859 2897 illam
878 2825 1033 2907 εὐκολίαν,
1048 2849 1118 2916 quo
1136 2834 1216 2895 tau-

164 2962 270 3031 quam
289 2941 456 3031 peculiari
474 2943 651 3034 praeconio
669 2950 814 3011 ornatur
830 2942 924 3033 apud
936 2940 1213 3033 Aristophanem

165 3055 238 3146 ejus
256 3052 470 3127 memorias:

376 3202 390 3252 d
403 3199 424 3254 d'
438 3204 544 3257 εὔκολος
555 3201 602 3269 μὲν
614 3199 707 3263 ‘’vdud,
717 3204 823 3257 εὔκολος
836 3200 857 3255 δ’
871 3201 930 3255 ἐκεῖ.

166 3314 301 3387 Mirum
327 3319 447 3410 itaque
465 3321 500 3388 ni
519 3322 555 3389 iu
574 3344 616 3390 ea
634 3319 820 3390 Musarum
844 3321 1036 3412 provincia,
1053 3322 1089 3389 in
1107 3343 1212 3412 quam

165 3432 296 3502 cadunt
314 3433 514 3504 subtiliores
536 3436 732 3504 animorum
752 3434 874 3514 flexus
893 3437 1009 3505 miuus
1027 3435 1215 3505 commode

166 3559 323 3619 versatus
341 3573 415 3618 esse
430 3551 603 3619 videatur.

214 3664 345 3756 Neque
363 3687 446 3734 vero
464 3668 493 3735 is
510 3689 600 3746 sum,
614 3665 674 3755 qui
693 3666 905 3757 negaverim,
923 3666 1082 3735 omnium
1101 3667 1215 3737 homi-

164 3779 338 3870 numqui
362 3803 432 3848 non
459 3782 502 3850 ad
527 3781 613 3850 talia
637 3780 741 3871 plane
768 3783 838 3849 sint
864 3781 1021 3860 hebetes,
1043 3783 1213 3850 acerrime

164 3891 342 3963 interdum
368 3895 500 3963 moveri
522 3893 667 3974 animoa,
692 3892 844 3964 lectione
870 3896 1067 3986 praesertim
1093 3896 1213 3966 lauda-

165 4010 289 4079 tissimi
320 4010 414 4080 illius
440 4011 635 4102 OEdipodis
688 4010 825 4082 Verum
852 4012 920 4082 hoe
945 4012 1020 4080 fieri
1047 4013 1212 4081 existimo

164 4145 232 4194 uon
264 4134 340 4194 tam
370 4126 501 4196 ati'eetu
530 4127 648 4217 aliquo
678 4127 950 4207 vehementiore,
978 4151 1048 4217 quo
1076 4137 1214 4198 actores

231 4332 322 4387 dunt.
340 4335 416 4405 1258.
606 4347 618 4375 θ
634 4337 727 4391 ibach
741 4338 803 4391 826.
993 4337 1082 4391 ‘Rara
1096 4340 1140 4392 82.
