2768 4876
171 324 378 374 annnxxxvr.
396 304 479 367 Ecca
490 303 567 367 altro
579 325 610 367 sa
620 306 781 390 cdpbrvpare
794 309 999 372 Pastoraliam
1012 311 1125 375 ordini.
1147 315 1210 381 717

171 474 262 544 Mira
287 497 371 544 sane
396 477 560 544 materies
583 477 788 558 carminum,
806 479 842 546 ni
868 479 960 549 foret
985 482 1022 549 in
1047 483 1210 552 manibus

170 589 323 659 Lucretii
342 611 477 680 poema,
495 612 616 658 recens
633 613 673 659 ac
691 591 810 661 nobile
828 593 1042 685 exemplum.

215 704 373 774 Proximi
391 726 511 773 versus
529 705 682 774 eundem
709 716 885 787 revocant,
902 710 1107 801 pingentem
1124 714 1211 802 pris-

169 821 247 888 tinae
263 819 359 889 illius
375 821 466 901 vitae,
485 821 656 910 vacuique
673 820 766 890 orbis
784 821 1009 893 solitudinem
1021 837 1054 895 c:

306 980 437 1052 incipiant
449 982 522 1036 silvae
534 1000 596 1035 cum
608 983 725 1052 primum
738 1000 854 1052 surgere,
867 1000 981 1054 cumque

306 1068 375 1123 Rara
385 1086 432 1138 per
443 1069 550 1139 ignotos
562 1077 649 1122 errent
660 1069 782 1122 animalia
794 1077 907 1124 montes.

168 1213 274 1283 Porro
292 1213 498 1284 crediderim
517 1215 681 1305 equidem
699 1215 807 1283 tacite
836 1215 968 1283 laudari
988 1214 1208 1299 Lucretiana,

166 1328 224 1396 ubi
248 1329 350 1421 fingit
368 1328 539 1421 Virgilius
558 1329 680 1420 lopam
707 1353 809 1399 suurn
832 1353 913 1398 cum
931 1329 1065 1399 cithara
1082 1340 1119 1399 et
1137 1353 1209 1399 car-

166 1444 260 1511 mine
277 1445 389 1536 regias
406 1466 528 1512 ornare
546 1440 712 1534 epulasl:

585 1606 694 1660 Cithara
706 1605 816 1660 crinitus
830 1605 908 1674 Iopas

305 1689 432 1744 Personat
444 1699 543 1754 aurata,
557 1691 648 1745 docuit
660 1709 719 1762 quae
732 1691 864 1744 maximus
876 1691 967 1744 Atlas:

306 1776 359 1830 Hic
371 1778 441 1831 canit
452 1786 584 1831 errantem
597 1779 710 1840 Lunam,
725 1777 846 1849 Solisque
857 1777 973 1839 labores,

305 1862 385 1916 Unde
396 1863 536 1917 hominurn
549 1882 643 1934 genus,
656 1873 682 1917 et
694 1864 825 1933 pecudes;
844 1862 916 1917 unde
928 1863 1013 1916 imber
1024 1870 1050 1915 et
1062 1862 1154 1932 ignes;

305 1946 458 2011 Arcturum,
471 1948 626 2019 pluviasque
639 1949 758 2020 Hyadas,
770 1949 943 2019 geminosque
955 1947 1075 2000 'll-iones.

167 2083 305 2154 Deinde
323 2086 467 2156 adhibet
485 2111 561 2178 quae
579 2089 728 2156 totidem
747 2086 862 2155 verbis
881 2087 957 2176 jam
978 2092 1083 2153 antea
1105 2108 1208 2176 posu-

166 2207 240 2267 erat
265 2200 301 2268 in
328 2200 521 2295 Georgicis,
540 2203 660 2287 “Quid
684 2212 824 2273 tantum
843 2200 1028 2283 Oceano;”
1054 2202 1207 2271 neforto

166 2312 317 2398 dubites,
340 2340 456 2386 annon
480 2320 604 2388 eadem
630 2319 734 2409 plane
754 2327 913 2387 versetur
937 2317 1003 2386 sibi
1029 2327 1112 2387 aute
1135 2318 1208 2387 ani-

165 2451 262 2498 mum
280 2432 413 2522 species
430 2434 591 2524 poeticae.

220 2545 276 2614 Ex
304 2546 358 2616 his
385 2548 544 2628 efficitur,
564 2549 712 2641 Virgilio
743 2557 873 2629 nostro,
899 2571 936 2617 se
962 2548 1105 2638 quidem
1132 2548 1207 2637 ipso

159 2661 289 2750 judice,
307 2664 525 2733 intercedere
547 2689 628 2733 cum
648 2665 814 2734 Lucretio
836 2663 1080 2756 cognationem
1100 2684 1209 2753 quan-

165 2775 255 2857 dam,
274 2799 345 2845 non
369 2777 483 2848 levem
509 2779 616 2859 illam,
635 2804 749 2871 neque
771 2780 963 2859 fortuitam,
982 2779 1042 2869 sed
1066 2779 1206 2846 insitam

164 2892 305 2980 penitus
322 2901 359 2961 et
379 2893 532 2963 inustam
558 2897 740 2985 utriusque
764 2894 979 2985 praecordiis:
1006 2892 1120 2962 multo
1143 2894 1208 2961 ita-

164 3026 232 3094 que
250 3007 365 3076 verius
378 3008 510 3076 ‘ascribi
532 3032 611 3076 euni
633 3008 877 3090 Pastoralium,
894 3030 998 3100 quarn
1017 3007 1205 3097 Epicurum

164 3120 367 3190 ordinibus:
398 3146 513 3214 neque
542 3133 615 3193 tam
647 3147 692 3192 ex
723 3123 877 3194 AEneide
903 3123 1134 3214 judicandum
1164 3121 1207 3189 de

163 3221 341 3324 peculiari
356 3237 431 3326 ejus
457 3261 555 3320 vena,
574 3262 679 3330 quam
701 3263 745 3308 ex
768 3239 819 3318 iis,
838 3261 915 3329 quar
941 3239 1134 3328 scripserat,
1149 3237 1208 3326 ju-

163 3333 241 3418 nior
258 3374 339 3420 cum
357 3363 460 3433 esset,
474 3376 648 3445 suumque
666 3355 709 3424 ad
728 3355 912 3423 arbitrium
930 3354 1041 3444 magis
1058 3362 1095 3420 et
1114 3353 1208 3420 vive-

164 3477 218 3534 ret
235 3473 273 3534 et
291 3452 444 3536 caneret.
721 3456 725 3466 ’

215 3579 352 3650 Verum
370 3582 455 3672 quid
473 3565 609 3653 multat
635 3568 671 3653 in
689 3584 754 3653 hac
768 3583 964 3676 Virgiliana
982 3606 1096 3665 causa,
1111 3584 1219 3673 siqua·

163 3694 199 3762 in
217 3693 295 3776 alia,
314 3699 612 3787 supersedendum
637 3699 749 3793 longis
772 3700 987 3791 ambagibus.
1037 3697 1133 3767 Nolo
1151 3698 1208 3768 hic

164 3807 356 3879 circumeat
385 3811 521 3902 aliquis,
549 3813 656 3882 dubio
682 3814 782 3904 pede,
809 3813 956 3882 obscura
981 3813 1078 3903 quasi
1109 3811 1206 3881 loca:

164 3921 250 4018 nihil
278 3946 365 4015 opus
390 3935 494 3995 erunt
520 3928 729 4018 conjecturae
755 3927 912 4008 subtiles,
930 3935 967 3996 et
989 3925 1095 3995 odora
1117 3949 1209 4016 quae-

165 4037 245 4106 dam
273 4040 325 4108 vis
353 4040 541 4134 diligenter
570 4050 608 4110 et
638 4050 741 4111 acute
767 4043 980 4110 venantium.
1033 4040 1086 4110 Ut
1114 4042 1207 4110 enim

271 4275 375 4330 ‘Lucn
390 4292 414 4343 5.
429 4279 479 4331 sub
492 4279 550 4332 init.
620 4305 625 4335 2
682 4328 685 4335 ,
869 4277 1074 4346 dAEn.1.744.
