2768 4876
111 333 205 375 nnnc.
218 331 300 382 xxn,
338 310 513 395 proconiso
528 304 582 373 aba·
595 305 633 373 de
647 305 729 373 diris
742 305 846 393 agitur
859 305 965 393 opch‘s.
1099 308 1159 372 421

111 478 153 550 iis
165 478 291 548 formae
308 473 436 548 odiosae
453 473 543 548 adeo
559 500 601 548 ac
618 475 793 548 tenibiles
810 476 887 548 visu
898 486 936 546 ει

503 635 609 706 ἄπτεροι
620 637 702 708 γεμφν
713 633 777 691 Ῑδεῖν

325 716 408 785 αὗται,
419 715 538 791 μέλαιναι
550 716 573 776 δ’
586 722 613 778 ές
624 724 654 776 τδ
665 725 718 777 πᾶν
727 719 927 791 βδελύκτροποι*

324 802 448 879 ῥέγκουσι
460 807 483 862 δ’
496 807 527 860 οὗ
538 810 684 863 πλασταῖσι
696 806 869 878 φυσιάμασιν,

325 893 353 946 dx
366 892 388 946 δ’
401 889 521 962 δμμάτευν
531 892 653 957 λείβουσι
666 892 785 964 δυσφιλῆ
796 894 865 959 βίαν.

161 1037 219 1109 Ex
238 1038 458 1130 Chodphoris
479 1059 619 1130 quoque
643 1035 807 1109 novimus
832 1037 1018 1109 accessisse
1042 1057 1166 1130 parva·

112 1164 235 1248 gutum
253 1153 344 1223 illud
362 1151 406 1224 de
423 1155 519 1223 crine
538 1155 678 1245 vipereo
689 1149 727 1223 ¹¹:

326 1296 503 1366 φαιοχίτωνει
514 1296 556 1349 καὶ
567 1295 803 1365 πεπλεκτανημέναι

325 1384 430 1439 πυκναῖς
440 1381 588 1451 δρακοῦσιν.

115 1505 221 1589 Quod
241 1505 337 1574 idem
357 1504 424 1575 hac
444 1503 482 1574 in
498 1499 684 1599 Tragoedia
701 1504 842 1576 videtur
863 1502 1019 1575 indicare
1044 1502 1166 1576 minax

116 1618 294 1714 Apollinis
311 1641 426 1689 sermo
436 1613 466 1689 ¹:

325 1768 361 1842 μὴ
374 1773 416 1826 καὶ
426 1775 550 1838 λαβοῦσα
560 1775 656 1842 πτηνὸν
667 1769 800 1845 άργῆστην
812 1771 884 1844 ὅφιν,

326 1855 494 1930 χρυσηλάτου
506 1856 636 1931 θώμιγγος
647 1858 834 1929 έξορμωμέιην,

164 2073 247 2144 Ηοο
276 2075 314 2144 in
343 2074 422 2144 loco·
451 2076 611 2168 tangitur
639 2075 735 2146 haud
765 2078 913 2147 obscure
944 2075 1043 2160 illud,
1071 2072 1167 2167 quod

116 2186 241 2258 multis
264 2188 411 2258 fortasse
435 2185 564 2258 foedius
590 2198 691 2260 sonat
715 2199 752 2260 et
778 2187 956 2284 indignius
975 2211 1080 2280 quam
1103 2211 1167 2279 pro

115 2303 318 2395 incorrupta
340 2300 410 2372 Dei
427 2297 592 2373 Vindicis
617 2305 816 2396 majestate,
844 2305 1039 2396 peccatoris
1069 2305 1166 2373 vide·

116 2416 200 2486 licet
216 2417 326 2487 etiam
343 2414 494 2487 viventis
512 2416 721 2511 sanguinem
746 2415 931 2489 infandum
957 2416 995 2488 in
1019 2419 1165 2488 modum

115 2529 246 2601 hauriri
263 2554 286 2601 a
303 2531 542 2616 Daemonibus,
561 2533 636 2603 sine
654 2556 768 2617 sensu,
786 2536 862 2604 siue
879 2535 1030 2626 strepitu
1041 2529 1079 2603 ¹¹:

409 2673 554 2728 ἀπιδοῦναι
565 2675 605 2727 δεῖ
616 2673 652 2737 σ’,
665 2673 716 2728 dud
729 2677 821 2742 ζῶντος
831 2672 926 2746 ῥοφεῖν
1039 2702 1048 2720 ·

326 2755 435 2830 {podpov
447 2758 474 2812 έκ
485 2758 586 2828 μελέων
595 2759 716 2814 πέλανον
735 2760 787 2814 άπὸ
799 2761 830 2813 δέ
840 2782 891 2814 σου

325 2844 429 2908 βοσκὰν
440 2843 569 2914 φεροίμαν
579 2846 696 2914 πόματος
707 2845 848 2900 δυσπότου·

327 2931 368 2984 καὶ
380 2932 461 2997 ζῶντα
473 2929 499 2986 σ’
512 2930 648 3002 ἶσχνάνασ’
660 2931 790 3002 ἀπάξομαι
801 2929 877 2986 κάτω.

165 3060 363 3130 Excusabit
385 3062 532 3132 fortasse
557 3081 735 3132 nonnemo
757 3060 854 3154 vulgi
880 3055 1095 3130 sententiam
1121 3053 1165 3126 de

117 3173 293 3246 atrocibus
320 3175 493 3266 ejusmodi
521 3175 653 3258 Geniis
681 3199 787 3267 quam
817 3175 940 3244 multis
968 3174 1165 3242 etiamnum

117 3288 317 3382 regionibus
334 3297 484 3370 exstare,
502 3290 612 3360 immo
630 3291 748 3382 vigere
774 3291 887 3359 aiunt.
939 3282 997 3357 Ac
1018 3286 1166 3354 minime

117 3405 281 3496 equidem
314 3406 528 3498 negaverim,
558 3405 714 3475 multum
740 3406 921 3486 interesse,
949 3424 995 3473 ex
1021 3400 1166 3471 modulo

116 3542 291 3612 germanae
325 3519 487 3601 Focaeus,
521 3530 643 3590 utrum
682 3520 871 3613 protulerit
905 3541 968 3589 sua
1002 3517 1080 3608 quis
1113 3516 1167 3583 in·

118 3634 263 3716 somnia,
289 3656 335 3703 an
359 3633 545 3728 populares
574 3635 693 3726 potius
723 3634 868 3716 fabulas,
894 3632 1036 3702 terroris
1062 3651 1167 3698 causa

119 3745 174 3816 vel
211 3749 340 3841 magici
374 3740 432 3818 vel
469 3749 632 3843 religiosi.
698 3748 774 3820 Vix
808 3749 904 3818 enim
938 3747 1012 3816 veri
1052 3742 1167 3813 simile

118 3862 268 3946 videtur,
285 3866 467 3958 pervagari
492 3873 569 3934 tota
594 3874 703 3958 gente
728 3865 966 3957 prodigiosam
988 3883 1073 3941 rem,
1099 3855 1166 3928 nisi

117 3997 194 4066 quae
210 3978 356 4072 propius
371 3977 630 4072 quodammodo
648 3980 833 4050 interiores
850 3978 1071 4069 verioresque
1088 3995 1167 4044 sen-

152 4230 262 4287 snum.
275 4245 321 4302 51.
392 4230 538 4316 *escape
553 4246 630 4306 1049.
688 4229 810 4322 fnum.
826 4230 885 4284 1s1.
956 4227 1054 4283 ιιιυι
1070 4201 1131 4295 264.
