2768 4876
176 322 240 386 406
460 325 661 409 Shalcsparwm
675 347 734 388 nort
748 325 942 388 insectanda
1050 348 1145 389 rant.
1158 349 1225 388 xx.

174 497 248 565 iere
265 496 436 566 ambobus
457 497 656 589 argumenti
675 518 825 577 summa,
843 498 904 566 sed
923 498 959 565 in
978 520 1021 566 eo
1038 498 1224 569 tractando

173 612 337 683 mirificas
362 612 495 683 habent
511 606 838 682 dissimilitudines:
863 634 934 703 quo
951 613 1064 705 magis
1084 615 1224 696 mirere,

173 736 248 798 tam
274 728 365 798 bene
388 728 586 799 consentire
612 729 706 797 inter
731 750 778 811 se,
799 729 895 819 quod
920 730 965 798 ad
990 751 1102 798 unum
1128 730 1224 801 hunc

173 843 291 914 locum
317 846 467 928 attinet3
494 846 554 936 qui
577 845 674 914 locus
692 843 867 936 (repetam
885 846 996 936 enim)
1013 847 1051 914 in
1073 868 1116 914 eo
1138 869 1225 938 prae-

172 958 276 1049 cipue
307 948 371 1039 est,
397 967 438 1026 ut
469 959 506 1027 in
533 957 636 1027 Poesi
662 981 803 1050 quoque
833 961 1031 1029 verecunde
1059 969 1096 1030 et
1126 969 1223 1032 caste

173 1073 433 1163 quodammodo
454 1095 537 1143 cum
559 1075 708 1143 mortuis
725 1084 861 1168 agatur.
915 1075 1045 1166 Neque
1063 1099 1145 1146 vero
1163 1079 1221 1147 isti

172 1191 391 1259 consensioni
426 1189 566 1260 officere
600 1190 717 1271 debet,
752 1191 847 1281 quod
882 1188 1039 1270 Orestes,
1073 1202 1221 1284 accepto

143 1387 146 1393 .
173 1303 351 1396 Apollinis
380 1327 556 1398 responso,
583 1306 780 1398 accingitur
812 1307 848 1375 in
880 1304 1054 1376 ultionem
1088 1309 1220 1399 patris3

173 1419 399 1502 Hamlethus,
418 1421 491 1490 viso
509 1428 730 1512 pernoctem
757 1421 865 1510 patris
883 1417 1014 1508 εἶδωλῷ.
1066 1420 1221 1493 Secutus

172 1545 226 1605 est
253 1544 413 1626 uterque,
430 1544 472 1604 ut
490 1537 623 1627 opinor,
641 1534 820 1604 annalium
841 1534 969 1604 fidem:
997 1537 1058 1606 sed
1085 1560 1130 1605 ex
1152 1537 1220 1608 hac

171 1659 271 1740 parte
301 1650 437 1720 felicior
465 1649 646 1742 aliquanto
672 1659 748 1719 erat
773 1648 970 1742 AEschyluS,
993 1651 1088 1741 quod
1118 1650 1220 1723 licuit

171 1763 203 1832 ei
234 1762 372 1855 plenius
398 1763 581 1834 consulere
610 1786 742 1834 severae
772 1763 823 1832 illi
855 1764 1030 1855 majestati
1059 1762 1219 1835 Deorum

172 1879 348 1960 Manium,
359 1879 495 1949 latente
512 1880 653 1970 penitus
670 1879 795 1949 umbra
810 1879 1109 1973 Agamemnonis3
1135 1904 1219 1951 cum

171 2005 290 2064 noster
310 2018 452 2065 necesse
470 1995 634 2064 habuerit
650 1996 809 2064 defuncti
833 1996 987 2065 animam
1005 1997 1155 2066 educere
1172 2020 1218 2067 ex

170 2110 366 2202 sepulchro,
396 2110 513 2201 palam
542 2132 580 2180 se
611 2110 721 2181 oculis
750 2112 1008 2193 ostendentem,
1033 2111 1219 2203 multaque

171 2224 412 2295 disserentem.
464 2223 568 2307 Quod
592 2248 663 2294 non
681 2249 724 2295 eo
742 2227 831 2307 dico,
846 2248 915 2316 quo
932 2234 1056 2317 putem
1074 2226 1111 2294 id
1130 2226 1217 2294 vitio

171 2342 381 2411 vertendum
408 2342 566 2410 maximo
592 2341 805 2411 Poetarum:
837 2342 922 2432 quin
948 2342 1065 2432 potius
1090 2342 1158 2410 erit
1184 2341 1218 2411 ei

170 2477 309 2547 semper
325 2456 466 2549 egregia
483 2455 568 2539 lans,
585 2480 656 2526 non
680 2458 873 2550 prudenter
894 2456 1001 2526 modo
1025 2458 1086 2526 sed
1107 2458 1216 2527 etiam

169 2573 227 2664 pie
245 2596 326 2642 cunr
347 2574 414 2643 ista
431 2572 619 2643 formidine
636 2573 870 2643 reverentiam
887 2581 1106 2642 mortuorum
1126 2581 1217 2642 tem-

168 2710 318 2780 perasse.
371 2687 451 2758 Nec
477 2689 661 2779 quisquam
687 2688 723 2756 id
750 2688 783 2757 ei
809 2686 914 2757 velim
942 2688 1094 2778 objiciat,
1120 2688 1215 2777 quod

168 2804 280 2873 tribus
306 2804 414 2873 etiam
440 2804 516 2873 istis
541 2802 723 2885 militibus
742 2827 812 2873 non
839 2803 1035 2873 Hamletho
1062 2802 1137 2884 soli,
1155 2826 1217 2895 ap-

168 2941 289 3010 parere
307 2919 431 2989 fecerit
449 2917 580 2989 εἴδωλον
589 2929 614 2989 ².
667 2918 810 3011 Nempe
836 2919 878 2988 eo
904 2919 1010 2988 modo
1036 2918 1214 2987 dubitanti

168 3042 244 3104 erat
261 3034 529 3115 occurrendum,
543 3056 588 3103 ne
601 3033 703 3115 forte,
713 3057 784 3124 quo
797 3041 873 3103 erat
887 3033 1050 3102 acumine
1062 3032 1214 3122 juvenis,

167 3151 308 3219 inanem
336 3151 571 3241 suspicaretur
596 3171 672 3218 esse
697 3170 783 3229 rem,
809 3150 934 3238 suique
959 3147 1093 3216 cerebri
1119 3168 1215 3215 oom-

166 3275 339 3334 mentum.
392 3264 463 3348 Qui
484 3266 592 3334 etiam
610 3273 691 3357 post
708 3273 763 3333 tot
781 3265 1004 3343 documenta,
1023 3271 1096 3331 tam
1118 3261 1216 3332 ilius-

167 3380 246 3463 tria,
260 3379 369 3449 haeret
386 3378 501 3449 adhuc
518 3379 646 3460 animo,
660 3379 819 3447 nesciens
832 3400 986 3468 quonam
1003 3378 1160 3445 maxime
1176 3378 1214 3446 in

167 3500 275 3565 censu
288 3495 409 3586 reponi
421 3495 549 3564 debeat
563 3517 605 3564 ea
617 3495 765 3586 species3
784 3493 1006 3573 Daemonum,
1017 3514 1063 3561 an
1073 3491 1215 3562 umbra-

165 3634 243 3680 rum
261 3613 410 3705 piarum.
453 3611 628 3682 Attamen
645 3610 774 3691 videte,
792 3630 897 3699 quam
915 3608 1020 3678 lentis
1036 3608 1213 3700 gradibus,

168 3748 355 3816 quamque,
369 3734 411 3794 ut
428 3726 593 3808 diximus,
610 3725 723 3793 invito
740 3723 841 3815 pede,
856 3724 1008 3804 veniant,
1026 3745 1069 3792 eo
1080 3722 1213 3812 judice,

169 3841 298 3912 Manes
323 3844 359 3911 in
385 3850 612 3934 conspectum
637 3840 850 3910 mortalium.
902 3838 1090 3929 Principio,
1108 3858 1214 3906 vene·

167 3957 309 4026 rendam
337 3956 435 4029 illam
461 3955 633 4037 umbram,
663 3955 728 4040 (it-a
753 3954 846 4022 eninr
877 3950 1054 4043 appellare
1077 3951 1130 4020 fas
1155 3950 1212 4031 sit,

579 4244 591 4271 z
611 4235 723 4294 Hernici,
737 4233 754 4285 i.
768 4251 793 4298 4.
