2768 4876
168 331 233 399 650
409 336 458 400 Dc
472 355 589 400 eunuco
603 334 750 399 carminis
764 334 966 400 herniosi.-
1010 357 1107 401 nunu.
1119 359 1216 402 xxxn.

219 510 406 603 Principio,
438 510 495 580 cui
525 532 596 578 non
626 510 747 579 statim
780 517 951 593 occurrat,
980 509 1218 581 obscuriorem

168 649 245 697 esse
275 627 474 696 universam
505 624 596 695 banc
628 626 672 696 de
702 648 820 695 rerum
853 633 980 696 natura
1010 627 1155 722 θεωρίαν,
1182 635 1219 697 et

169 742 374 813 alieniorem
400 743 446 813 ab
472 743 567 811 omni
591 743 731 834 poetico
757 764 871 825 sensu,
895 766 977 813 cum
1003 741 1092 812 nibil
1118 744 1157 812 in
1182 765 1218 813 se

167 859 298 929 habere
316 859 479 928 videatur
495 881 617 928 eorum
636 882 713 950 quae
734 866 846 951 agunt
862 858 1034 942 homines,
1051 882 1219 953 magnam

167 999 250 1046 vero
276 984 411 1068 partem
444 976 481 1044 in
511 997 554 1044 eo
578 984 746 1058 versetur,
774 984 815 1045 ut
842 988 981 1045 mentes
1010 985 1148 1046 nostras
1174 977 1218 1046 ab

167 1093 305 1161 aurium
339 1091 592 1182 oculorumque
620 1091 769 1182 judicio,
799 1100 907 1182 atque
941 1090 987 1160 ab
1021 1093 1118 1160 omui
1153 1091 1219 1162 hac

167 1231 285 1278 rerum
311 1217 460 1278 externa
485 1209 602 1300 specie
628 1215 782 1290 revocet,
801 1215 839 1277 et
863 1209 900 1276 iu
926 1207 1033 1277 exilia
1057 1208 1218 1298 quaedam

166 1324 395 1416 philosophiae
413 1326 526 1416 spatia
543 1324 751 1395 convertat?
795 1323 918 1395 Verbo
936 1325 1074 1393 dicam:
1100 1323 1220 1394 omnia

166 1440 326 1532 profecto
352 1463 461 1532 ponas
488 1440 573 1510 licet
596 1441 633 1509 in
652 1439 721 1509 hoc
744 1448 965 1534 argumento,
982 1463 1060 1531 quae
1078 1441 1148 1510 dici
1167 1462 1220 1510 so-

167 1555 254 1639 lent,
273 1557 411 1647 quoties
430 1556 632 1648 disputatur
648 1556 693 1625 de
712 1556 975 1626 mathematicis
995 1555 1220 1649 physicisque

165 1672 283 1755 rebus,
301 1675 416 1765 deque
441 1671 656 1764 implacabili
680 1673 744 1760 (sic
769 1673 865 1741 euim
888 1671 1098 1765 loquuntur)
1116 1673 1220 1743 disci-

167 1789 237 1870 dio,
263 1813 333 1880 quo
361 1811 473 1883 genus
503 1787 592 1857 illud
621 1810 726 1857 omne
756 1812 777 1859 a
802 1786 995 1858 Poetarum
1025 1789 1153 1858 studiis
1182 1797 1220 1858 et

165 1906 361 1976 rationibus
379 1913 571 1998 separatur.

218 2020 350 2113 Neque
366 2043 450 2094 uero
476 2020 513 2089 in
540 2019 628 2090 illud
652 2019 807 2113 effugere
831 2019 961 2102 licebit,
984 2028 1025 2090 ut
1048 2020 1218 2103 dicamus,

165 2137 322 2208 indolem
344 2138 518 2230 propriam
539 2135 661 2206 Poetae
677 2159 749 2205 uon
767 2137 858 2207 bene
876 2161 958 2207 cum
975 2136 1125 2207 materie
1146 2159 1220 2207 car·

165 2254 270 2326 minis
288 2254 496 2336 convenire;
520 2253 643 2344 itaque
661 2252 870 2323 diverticula
893 2255 1012 2323 omnia
1036 2262 1074 2323 et
1099 2255 1220 2324 exitus

164 2367 209 2437 ab
238 2391 281 2437 eo
308 2369 435 2460 cupide
461 2368 578 2459 arripi,
603 2368 631 2436 si
656 2391 725 2458 qua
754 2368 863 2460 possit
890 2368 1086 2437 identidem
1114 2367 1218 2450 elabi,

165 2506 272 2576 seque
298 2485 335 2553 in
359 2483 437 2553 loca
463 2483 660 2553 desiderata
687 2485 866 2554 conferre:
895 2485 987 2555 sicut
1007 2484 1045 2552 in
1066 2483 1219 2556 AEneide

165 2623 228 2670 sua
258 2601 343 2670 fecit
373 2599 546 2693 Virgilius
575 2609 617 2669 ut
646 2601 740 2669 iuter
774 2600 868 2670 bella
897 2609 934 2670 et
968 2601 1128 2670 heroicos
1163 2610 1219 2671 tu-

165 2714 300 2784 multus
334 2717 443 2784 tacita
477 2715 630 2807 quadam
664 2716 754 2784 ruris
787 2717 959 2785 memoria
992 2737 1029 2786 se
1064 2714 1219 2786 delecta·

165 2836 230 2897 ret.
284 2826 509 2919 Hujusmodi,
536 2829 661 2919 inquit,
689 2829 859 2923 effugium
885 2853 1007 2922 parare
1032 2852 1104 2898 nou
1136 2829 1219 2897 sinit

165 2965 229 3013 nos
261 2942 418 3013 Lucretii
454 2965 581 3014 causa:
625 2946 756 3036 quippe
790 2947 850 3036 qui
886 2944 1074 3014 formulam
1108 2942 1218 3014 semel

166 3068 385 3153 conceptam,
412 3061 520 3150 siquis
545 3060 645 3142 alius,
673 3063 852 3131 exanimi
880 3061 1057 3131 sententia
1084 3069 1218 3142 tenere,

166 3177 352 3257 inculcare,
374 3198 503 3268 augere
527 3177 660 3260 solcat;
685 3202 802 3270 neque
826 3200 982 3269 unquam
1008 3176 1082 3246 ulla
1104 3199 1144 3245 re
1170 3177 1219 3246 fa·

167 3292 234 3361 cile
261 3293 416 3384 patiatur
443 3315 465 3361 a
491 3315 553 3361 sua
578 3292 800 3385 philosophia
828 3294 960 3363 diutius
986 3314 1023 3363 se
1047 3292 1218 3362 distineri.

167 3407 284 3477 Immo
305 3409 414 3477 etiam
433 3407 517 3499 (qua
534 3431 571 3477 re
588 3409 736 3478 mirifice
755 3433 837 3478 eum
864 3433 884 3479 a
901 3408 1054 3502 Virgilio
1077 3408 1218 3477 differre

168 3524 332 3615 dixerim)
347 3525 444 3594 nullo
458 3527 552 3615 quod
571 3526 678 3594 sciam
696 3534 865 3617 tempore,
885 3548 929 3594 ne
947 3526 1055 3594 animi
1074 3526 1219 3615 quidem

167 3661 282 3722 causa,
294 3641 452 3731 praebere
466 3642 607 3710 videtur
620 3643 913 3734 significationem
927 3640 1037 3710 ullam
1051 3640 1218 3711 ludentis.

167 3752 267 3824 Velis
294 3755 471 3845 equisque,
496 3764 538 3825 ut
564 3757 675 3838 aiunt,
701 3758 819 3827 renuit
846 3757 1046 3849 refugitque
1075 3778 1219 3825 omnem

168 3871 312 3940 omuino
330 3871 495 3967 εἰρωνείαν.
545 3872 740 3963 Nunquam
758 3874 877 3942 videas
894 3872 1016 3941 ludere
1034 3858 1119 3940 eum
1138 3894 1219 3941 cum

168 3987 361 4057 simulacris
379 3995 417 4056 et
434 3989 648 4079 corpusculis
666 3992 747 4073 suis,
763 3990 862 4059 velut
880 4011 961 4059 cum
978 3988 1104 4080 apibus
1122 4011 1220 4059 cum·

168 4125 237 4194 que
255 4105 421 4174 armentis
440 4103 645 4196 Virgilium.
689 4106 805 4174 Immo
823 4106 860 4173 iu
878 4104 934 4174 his
950 4103 1057 4172 rebus
1074 4105 1220 4174 severis·

168 4219 296 4287 simum
319 4218 449 4309 ubique
470 4221 544 4312 agit
566 4224 795 4314 magistrum3
822 4221 920 4312 quasi
938 4220 998 4311 qui
1022 4218 1129 4310 plane
1152 4220 1218 4311 sig-

168 4333 387 4414 11ificet,nou
412 4335 514 4404 facile
535 4358 572 4406 se
596 4336 761 4420 laturum,
784 4337 909 4427 siquis
933 4318 1215 4406 ludibundus'ad
