<?xml version="1.0" encoding="UTF-8"?>
<!DOCTYPE html PUBLIC "-//W3C//DTD XHTML 1.0 Transitional//EN"
    "http://www.w3.org/TR/xhtml1/DTD/xhtml1-transitional.dtd">
<html xmlns="http://www.w3.org/1999/xhtml" xml:lang="en" lang="en">
 <head>
  <title>
</title>
<meta http-equiv="Content-Type" content="text/html;charset=utf-8" />
  <meta name='ocr-system' content='tesseract 3.04.00' />
  <meta name='ocr-capabilities' content='ocr_page ocr_carea ocr_par ocr_line ocrx_word'/>
</head>
<body>
  <div class='ocr_page' id='page_1' title='image "./depoeticaevimed00keblgoog_0015.png"; bbox 0 0 2768 4876; ppageno 0'>
   <div class='ocr_carea' id='block_1_1' title="bbox 167 288 1212 374">
    <p class='ocr_par' dir='ltr' id='par_1_1' title="bbox 167 288 1212 374">
     <span class='ocr_line' id='line_1_1' title="bbox 167 288 1212 374; baseline -0.002 -23"><span class='ocrx_word' id='word_1_1' title='bbox 167 289 232 358; x_wconf 73' lang='lat'>890</span> <span class='ocrx_word' id='word_1_2' title='bbox 360 289 428 353; x_wconf 76' lang='lat' dir='ltr'>Viso</span> <span class='ocrx_word' id='word_1_3' title='bbox 441 288 605 374; x_wconf 70' lang='lat' dir='ltr'>sepulchro,</span> <span class='ocrx_word' id='word_1_4' title='bbox 611 291 747 373; x_wconf 63' lang='lat' dir='ltr'>pitatium</span> <span class='ocrx_word' id='word_1_5' title='bbox 762 289 861 356; x_wconf 63' lang='lat' dir='ltr'>videri</span> <span class='ocrx_word' id='word_1_6' title='bbox 875 289 967 353; x_wconf 69' lang='lat' dir='ltr'>odia:</span> <span class='ocrx_word' id='word_1_7' title='bbox 1034 312 1128 353; x_wconf 70' lang='lat' dir='ltr'>ruat.</span> <span class='ocrx_word' id='word_1_8' title='bbox 1141 313 1212 353; x_wconf 56' lang='lat' dir='ltr'>&#39;xxa</span> 
     </span>
    </p>
   </div>
   <div class='ocr_carea' id='block_1_2' title="bbox 72 456 1214 3065">
    <p class='ocr_par' dir='ltr' id='par_1_2' title="bbox 168 456 1213 664">
     <span class='ocr_line' id='line_1_2' title="bbox 168 456 1213 548; baseline -0.001 -20"><span class='ocrx_word' id='word_1_9' title='bbox 168 459 376 528; x_wconf 78' lang='lat' dir='ltr'>seuerissimi</span> <span class='ocrx_word' id='word_1_10' title='bbox 389 458 538 548; x_wconf 88' lang='lat' dir='ltr'>judices.</span> <span class='ocrx_word' id='word_1_11' title='bbox 585 456 629 527; x_wconf 90' lang='lat' dir='ltr'>Id</span> <span class='ocrx_word' id='word_1_12' title='bbox 646 458 740 547; x_wconf 92' lang='lat' dir='ltr'>quod</span> <span class='ocrx_word' id='word_1_13' title='bbox 758 466 988 528; x_wconf 76' lang='lat' dir='ltr'><strong>sacrosanctae</strong></span> <span class='ocrx_word' id='word_1_14' title='bbox 1006 458 1213 528; x_wconf 76' lang='lat' dir='ltr'>carimoniae</span> 
     </span>
     <span class='ocr_line' id='line_1_3' title="bbox 168 571 883 664; baseline -0.004 -22"><span class='ocrx_word' id='word_1_15' title='bbox 168 571 309 664; x_wconf 79' lang='lat' dir='ltr'>egregie</span> <span class='ocrx_word' id='word_1_16' title='bbox 322 573 514 641; x_wconf 78' lang='lat' dir='ltr'>conuenire</span> <span class='ocrx_word' id='word_1_17' title='bbox 524 573 602 662; x_wconf 82' lang='lat' dir='ltr'>jam</span> <span class='ocrx_word' id='word_1_18' title='bbox 618 582 702 640; x_wconf 84' lang='lat' dir='ltr'>ante</span> <span class='ocrx_word' id='word_1_19' title='bbox 720 571 883 642; x_wconf 84' lang='lat' dir='ltr'><strong>diximus.</strong></span> 
     </span>
    </p>

    <p class='ocr_par' dir='ltr' id='par_1_3' title="bbox 72 685 1214 3065">
     <span class='ocr_line' id='line_1_4' title="bbox 222 685 1212 776; baseline 0.001 -22"><span class='ocrx_word' id='word_1_20' title='bbox 222 685 363 756; x_wconf 87' lang='lat' dir='ltr'><strong>Deinde</strong></span> <span class='ocrx_word' id='word_1_21' title='bbox 396 685 485 756; x_wconf 88' lang='lat' dir='ltr'>illud</span> <span class='ocrx_word' id='word_1_22' title='bbox 519 687 747 756; x_wconf 75' lang='lat' dir='ltr'>consideretis</span> <span class='ocrx_word' id='word_1_23' title='bbox 774 687 904 768; x_wconf 80' lang='lat' dir='ltr'>uelim3</span> <span class='ocrx_word' id='word_1_24' title='bbox 944 688 1037 776; x_wconf 89' lang='lat' dir='ltr'>quod</span> <span class='ocrx_word' id='word_1_25' title='bbox 1067 686 1212 776; x_wconf 91' lang='lat' dir='ltr'>quidem</span> 
     </span>
     <span class='ocr_line' id='line_1_5' title="bbox 167 801 1214 893; baseline 0.002 -24"><span class='ocrx_word' id='word_1_26' title='bbox 167 801 323 870; x_wconf 84' lang='lat' dir='ltr'>maxime</span> <span class='ocrx_word' id='word_1_27' title='bbox 346 801 385 869; x_wconf 91' lang='lat' dir='ltr'>in</span> <span class='ocrx_word' id='word_1_28' title='bbox 407 822 512 870; x_wconf 86' lang='lat' dir='ltr'>causa</span> <span class='ocrx_word' id='word_1_29' title='bbox 538 801 619 884; x_wconf 87' lang='lat' dir='ltr'>fuit,</span> <span class='ocrx_word' id='word_1_30' title='bbox 637 824 699 870; x_wconf 90' lang='lat' dir='ltr'>cur</span> <span class='ocrx_word' id='word_1_31' title='bbox 722 823 787 871; x_wconf 83' lang='lat' dir='ltr'>nos</span> <span class='ocrx_word' id='word_1_32' title='bbox 812 823 1012 893; x_wconf 82' lang='lat' dir='ltr'>expressam</span> <span class='ocrx_word' id='word_1_33' title='bbox 1037 803 1125 871; x_wconf 89' lang='lat' dir='ltr'>adeo</span> <span class='ocrx_word' id='word_1_34' title='bbox 1150 801 1214 871; x_wconf 88' lang='lat' dir='ltr'>ha·</span> 
     </span>
     <span class='ocr_line' id='line_1_6' title="bbox 168 915 1211 1006; baseline 0 -23"><span class='ocrx_word' id='word_1_35' title='bbox 168 915 332 985; x_wconf 87' lang='lat' dir='ltr'>heremus</span> <span class='ocrx_word' id='word_1_36' title='bbox 363 915 536 984; x_wconf 89' lang='lat' dir='ltr'>hocloco</span> <span class='ocrx_word' id='word_1_37' title='bbox 566 915 740 1006; x_wconf 82' lang='lat' dir='ltr'>sepulchri</span> <span class='ocrx_word' id='word_1_38' title='bbox 775 916 1016 997; x_wconf 80' lang='lat' dir='ltr'>mentionem3</span> <span class='ocrx_word' id='word_1_39' title='bbox 1056 916 1211 1006; x_wconf 85' lang='lat' dir='ltr'>mitigari</span> 
     </span>
     <span class='ocr_line' id='line_1_7' title="bbox 169 1028 1213 1120; baseline -0.001 -22"><span class='ocrx_word' id='word_1_40' title='bbox 169 1051 299 1120; x_wconf 87' lang='lat' dir='ltr'>nempe</span> <span class='ocrx_word' id='word_1_41' title='bbox 315 1051 397 1098; x_wconf 94' lang='lat' dir='ltr'>cum</span> <span class='ocrx_word' id='word_1_42' title='bbox 414 1030 570 1098; x_wconf 86' lang='lat' dir='ltr'>maxime</span> <span class='ocrx_word' id='word_1_43' title='bbox 589 1030 658 1099; x_wconf 88' lang='lat' dir='ltr'>isto</span> <span class='ocrx_word' id='word_1_44' title='bbox 684 1031 799 1111; x_wconf 92' lang='lat' dir='ltr'>modo,</span> <span class='ocrx_word' id='word_1_45' title='bbox 819 1039 855 1099; x_wconf 87' lang='lat' dir='ltr'>et</span> <span class='ocrx_word' id='word_1_46' title='bbox 876 1031 914 1098; x_wconf 91' lang='lat' dir='ltr'>in</span> <span class='ocrx_word' id='word_1_47' title='bbox 939 1028 1109 1099; x_wconf 90' lang='lat' dir='ltr'>leniorem</span> <span class='ocrx_word' id='word_1_48' title='bbox 1126 1052 1213 1118; x_wconf 93' lang='lat' dir='ltr'>quo-</span> 
     </span>
     <span class='ocr_line' id='line_1_8' title="bbox 169 1143 1214 1237; baseline -0.003 -24"><span class='ocrx_word' id='word_1_49' title='bbox 169 1143 358 1213; x_wconf 88' lang='lat' dir='ltr'>dammodo</span> <span class='ocrx_word' id='word_1_50' title='bbox 382 1146 477 1237; x_wconf 86' lang='lat' dir='ltr'>verti</span> <span class='ocrx_word' id='word_1_51' title='bbox 496 1144 660 1233; x_wconf 88' lang='lat' dir='ltr'>speciem,</span> <span class='ocrx_word' id='word_1_52' title='bbox 678 1144 788 1214; x_wconf 83' lang='lat' dir='ltr'>etiam</span> <span class='ocrx_word' id='word_1_53' title='bbox 813 1144 851 1212; x_wconf 92' lang='lat' dir='ltr'>in</span> <span class='ocrx_word' id='word_1_54' title='bbox 875 1144 998 1213; x_wconf 89' lang='lat' dir='ltr'>matris</span> <span class='ocrx_word' id='word_1_55' title='bbox 1023 1150 1129 1234; x_wconf 89' lang='lat' dir='ltr'>caput</span> <span class='ocrx_word' id='word_1_56' title='bbox 1151 1144 1214 1211; x_wconf 91' lang='lat' dir='ltr'>ad-</span> 
     </span>
     <span class='ocr_line' id='line_1_9' title="bbox 168 1256 1213 1348; baseline -0.001 -21"><span class='ocrx_word' id='word_1_57' title='bbox 168 1258 315 1327; x_wconf 89' lang='lat' dir='ltr'>missum</span> <span class='ocrx_word' id='word_1_58' title='bbox 332 1257 477 1338; x_wconf 87' lang='lat' dir='ltr'>facinus,</span> <span class='ocrx_word' id='word_1_59' title='bbox 489 1256 622 1348; x_wconf 78' lang='lat' dir='ltr'>alioqui</span> <span class='ocrx_word' id='word_1_60' title='bbox 638 1266 765 1347; x_wconf 91' lang='lat' dir='ltr'>praeter</span> <span class='ocrx_word' id='word_1_61' title='bbox 781 1258 927 1327; x_wconf 92' lang='lat' dir='ltr'>modum</span> <span class='ocrx_word' id='word_1_62' title='bbox 944 1257 1158 1327; x_wconf 92' lang='lat' dir='ltr'>horrendum</span> <span class='ocrx_word' id='word_1_63' title='bbox 1175 1265 1213 1326; x_wconf 90' lang='lat' dir='ltr'>et</span> 
     </span>
     <span class='ocr_line' id='line_1_10' title="bbox 168 1370 1214 1464; baseline -0.003 -22"><span class='ocrx_word' id='word_1_64' title='bbox 168 1380 282 1442; x_wconf 87' lang='lat' dir='ltr'>atrox.</span> <span class='ocrx_word' id='word_1_65' title='bbox 328 1370 423 1440; x_wconf 91' lang='lat' dir='ltr'>Nam</span> <span class='ocrx_word' id='word_1_66' title='bbox 442 1372 581 1461; x_wconf 91' lang='lat' dir='ltr'>quoties</span> <span class='ocrx_word' id='word_1_67' title='bbox 599 1394 641 1441; x_wconf 92' lang='lat' dir='ltr'>eo</span> <span class='ocrx_word' id='word_1_68' title='bbox 659 1394 697 1440; x_wconf 88' lang='lat' dir='ltr'>se</span> <span class='ocrx_word' id='word_1_69' title='bbox 713 1381 934 1454; x_wconf 90' lang='lat' dir='ltr'>convertunt,</span> <span class='ocrx_word' id='word_1_70' title='bbox 952 1371 1114 1441; x_wconf 84' lang='lat' dir='ltr'>immanis</span> <span class='ocrx_word' id='word_1_71' title='bbox 1133 1392 1214 1464; x_wconf 88' lang='lat' dir='ltr'>par·</span> 
     </span>
     <span class='ocr_line' id='line_1_11' title="bbox 170 1486 1214 1570; baseline 0 -16"><span class='ocrx_word' id='word_1_72' title='bbox 170 1486 283 1556; x_wconf 91' lang='lat' dir='ltr'>ricidii</span> <span class='ocrx_word' id='word_1_73' title='bbox 306 1493 417 1555; x_wconf 87' lang='lat' dir='ltr'>testes</span> <span class='ocrx_word' id='word_1_74' title='bbox 440 1486 581 1570; x_wconf 89' lang='lat' dir='ltr'>oculati,</span> <span class='ocrx_word' id='word_1_75' title='bbox 600 1495 642 1556; x_wconf 94' lang='lat' dir='ltr'>ut</span> <span class='ocrx_word' id='word_1_76' title='bbox 658 1487 710 1556; x_wconf 91' lang='lat' dir='ltr'>ita</span> <span class='ocrx_word' id='word_1_77' title='bbox 727 1488 853 1570; x_wconf 90' lang='lat' dir='ltr'>dicam,</span> <span class='ocrx_word' id='word_1_78' title='bbox 871 1489 981 1570; x_wconf 82' lang='lat' dir='ltr'>fiunt3</span> <span class='ocrx_word' id='word_1_79' title='bbox 1009 1496 1087 1556; x_wconf 93' lang='lat' dir='ltr'>tum</span> <span class='ocrx_word' id='word_1_80' title='bbox 1105 1509 1142 1555; x_wconf 88' lang='lat' dir='ltr'>se</span> <span class='ocrx_word' id='word_1_81' title='bbox 1159 1508 1214 1554; x_wconf 87' lang='lat' dir='ltr'>re·</span> 
     </span>
     <span class='ocr_line' id='line_1_12' title="bbox 72 1601 1213 1694; baseline 0 -24"><span class='ocrx_word' id='word_1_82' title='bbox 72 1636 79 1647; x_wconf 93' lang='lat'><strong>·</strong></span> <span class='ocrx_word' id='word_1_83' title='bbox 166 1601 356 1681; x_wconf 86' lang='lat' dir='ltr'>cordantur</span> <span class='ocrx_word' id='word_1_84' title='bbox 378 1603 516 1691; x_wconf 88' lang='lat' dir='ltr'>juratos</span> <span class='ocrx_word' id='word_1_85' title='bbox 546 1624 622 1672; x_wconf 89' lang='lat' dir='ltr'>esse</span> <span class='ocrx_word' id='word_1_86' title='bbox 648 1602 805 1672; x_wconf 87' lang='lat' dir='ltr'>vindices</span> <span class='ocrx_word' id='word_1_87' title='bbox 831 1603 959 1694; x_wconf 84' lang='lat' dir='ltr'>patris3</span> <span class='ocrx_word' id='word_1_88' title='bbox 990 1610 1067 1670; x_wconf 92' lang='lat' dir='ltr'>tum</span> <span class='ocrx_word' id='word_1_89' title='bbox 1098 1601 1213 1691; x_wconf 88' lang='lat' dir='ltr'>sopita</span> 
     </span>
     <span class='ocr_line' id='line_1_13' title="bbox 168 1712 1211 1809; baseline -0.001 -25"><span class='ocrx_word' id='word_1_90' title='bbox 168 1716 385 1784; x_wconf 89' lang='lat' dir='ltr'>suscitantur</span> <span class='ocrx_word' id='word_1_91' title='bbox 414 1716 517 1798; x_wconf 84' lang='lat' dir='ltr'>odia3</span> <span class='ocrx_word' id='word_1_92' title='bbox 556 1717 654 1809; x_wconf 83' lang='lat' dir='ltr'>viget</span> <span class='ocrx_word' id='word_1_93' title='bbox 688 1717 796 1807; x_wconf 91' lang='lat' dir='ltr'>pium,</span> <span class='ocrx_word' id='word_1_94' title='bbox 824 1718 1033 1808; x_wconf 88' lang='lat' dir='ltr'>justumque</span> <span class='ocrx_word' id='word_1_95' title='bbox 1065 1712 1211 1784; x_wconf 91' lang='lat' dir='ltr'>bellum.</span> 
     </span>
     <span class='ocr_line' id='line_1_14' title="bbox 169 1827 1212 1923; baseline 0 -25"><span class='ocrx_word' id='word_1_96' title='bbox 169 1827 349 1920; x_wconf 79' lang='lat' dir='ltr'>Siquando</span> <span class='ocrx_word' id='word_1_97' title='bbox 375 1829 536 1900; x_wconf 88' lang='lat' dir='ltr'>inimicos</span> <span class='ocrx_word' id='word_1_98' title='bbox 562 1831 646 1900; x_wconf 88' lang='lat' dir='ltr'>diris</span> <span class='ocrx_word' id='word_1_99' title='bbox 670 1831 882 1901; x_wconf 91' lang='lat' dir='ltr'>carminibus</span> <span class='ocrx_word' id='word_1_100' title='bbox 891 1838 1118 1923; x_wconf 82' lang='lat' dir='ltr'>execrantur,</span> <span class='ocrx_word' id='word_1_101' title='bbox 1141 1853 1212 1899; x_wconf 89' lang='lat' dir='ltr'>non</span> 
     </span>
     <span class='ocr_line' id='line_1_15' title="bbox 166 1943 1214 2036; baseline 0.002 -24"><span class='ocrx_word' id='word_1_102' title='bbox 166 1944 204 2013; x_wconf 91' lang='lat' dir='ltr'>id</span> <span class='ocrx_word' id='word_1_103' title='bbox 229 1967 346 2035; x_wconf 91' lang='lat' dir='ltr'>neque</span> <span class='ocrx_word' id='word_1_104' title='bbox 364 1943 550 2019; x_wconf 88' lang='lat' dir='ltr'>insolentis</span> <span class='ocrx_word' id='word_1_105' title='bbox 574 1945 643 2026; x_wconf 89' lang='lat' dir='ltr'>irae,</span> <span class='ocrx_word' id='word_1_106' title='bbox 661 1966 776 2035; x_wconf 88' lang='lat' dir='ltr'>neque</span> <span class='ocrx_word' id='word_1_107' title='bbox 796 1943 945 2013; x_wconf 88' lang='lat' dir='ltr'>feritatis</span> <span class='ocrx_word' id='word_1_108' title='bbox 969 1953 1023 2015; x_wconf 90' lang='lat' dir='ltr'>est</span> <span class='ocrx_word' id='word_1_109' title='bbox 1048 1943 1214 2036; x_wconf 88' lang='lat' dir='ltr'>implaca-</span> 
     </span>
     <span class='ocr_line' id='line_1_16' title="bbox 167 2055 1213 2141; baseline 0.002 -15"><span class='ocrx_word' id='word_1_110' title='bbox 167 2055 269 2140; x_wconf 90' lang='lat' dir='ltr'>bilis;</span> <span class='ocrx_word' id='word_1_111' title='bbox 294 2057 425 2127; x_wconf 89' lang='lat' dir='ltr'>rectius</span> <span class='ocrx_word' id='word_1_112' title='bbox 443 2057 547 2140; x_wconf 87' lang='lat' dir='ltr'>dicas,</span> <span class='ocrx_word' id='word_1_113' title='bbox 570 2058 744 2128; x_wconf 89' lang='lat' dir='ltr'>rationem</span> <span class='ocrx_word' id='word_1_114' title='bbox 769 2057 900 2128; x_wconf 91' lang='lat' dir='ltr'>habere</span> <span class='ocrx_word' id='word_1_115' title='bbox 921 2059 1089 2141; x_wconf 82' lang='lat' dir='ltr'>vaticinii,</span> <span class='ocrx_word' id='word_1_116' title='bbox 1107 2059 1213 2128; x_wconf 90' lang='lat' dir='ltr'>devo·</span> 
     </span>
     <span class='ocr_line' id='line_1_17' title="bbox 166 2169 1211 2263; baseline 0.003 -24"><span class='ocrx_word' id='word_1_117' title='bbox 166 2178 274 2240; x_wconf 89' lang='lat' dir='ltr'>vente</span> <span class='ocrx_word' id='word_1_118' title='bbox 298 2169 433 2240; x_wconf 88' lang='lat' dir='ltr'>scilicet</span> <span class='ocrx_word' id='word_1_119' title='bbox 457 2171 534 2263; x_wconf 92' lang='lat' dir='ltr'>ipso</span> <span class='ocrx_word' id='word_1_120' title='bbox 559 2171 714 2254; x_wconf 92' lang='lat' dir='ltr'>numine,</span> <span class='ocrx_word' id='word_1_121' title='bbox 735 2194 799 2263; x_wconf 91' lang='lat' dir='ltr'>per</span> <span class='ocrx_word' id='word_1_122' title='bbox 821 2195 963 2242; x_wconf 88' lang='lat' dir='ltr'>carmen</span> <span class='ocrx_word' id='word_1_123' title='bbox 987 2172 1211 2256; x_wconf 88' lang='lat' dir='ltr'>horrendum,</span> 
     </span>
     <span class='ocr_line' id='line_1_18' title="bbox 166 2283 1212 2376; baseline -0.002 -18"><span class='ocrx_word' id='word_1_124' title='bbox 166 2283 316 2358; x_wconf 82' lang='lat' dir='ltr'>scelesta</span> <span class='ocrx_word' id='word_1_125' title='bbox 337 2292 374 2354; x_wconf 92' lang='lat' dir='ltr'>et</span> <span class='ocrx_word' id='word_1_126' title='bbox 399 2286 509 2376; x_wconf 89' lang='lat' dir='ltr'>impia</span> <span class='ocrx_word' id='word_1_127' title='bbox 533 2286 659 2376; x_wconf 87' lang='lat' dir='ltr'>capita.</span> <span class='ocrx_word' id='word_1_128' title='bbox 711 2285 834 2356; x_wconf 91' lang='lat' dir='ltr'>Verbo</span> <span class='ocrx_word' id='word_1_129' title='bbox 855 2285 990 2368; x_wconf 84' lang='lat' dir='ltr'>dicam3</span> <span class='ocrx_word' id='word_1_130' title='bbox 1019 2309 1096 2376; x_wconf 88' lang='lat' dir='ltr'>quae</span> <span class='ocrx_word' id='word_1_131' title='bbox 1121 2288 1212 2357; x_wconf 89' lang='lat' dir='ltr'>ratio</span> 
     </span>
     <span class='ocr_line' id='line_1_19' title="bbox 166 2398 1211 2490; baseline 0.003 -22"><span class='ocrx_word' id='word_1_132' title='bbox 166 2398 267 2476; x_wconf 80' lang='lat' dir='ltr'>reddi</span> <span class='ocrx_word' id='word_1_133' title='bbox 293 2398 383 2468; x_wconf 86' lang='lat' dir='ltr'>solet</span> <span class='ocrx_word' id='word_1_134' title='bbox 407 2399 702 2490; x_wconf 85' lang='lat' dir='ltr'>imprecationum</span> <span class='ocrx_word' id='word_1_135' title='bbox 720 2422 851 2480; x_wconf 86' lang='lat' dir='ltr'>earum,</span> <span class='ocrx_word' id='word_1_136' title='bbox 869 2400 996 2489; x_wconf 88' lang='lat' dir='ltr'>quibus</span> <span class='ocrx_word' id='word_1_137' title='bbox 1013 2423 1084 2469; x_wconf 91' lang='lat' dir='ltr'>non</span> <span class='ocrx_word' id='word_1_138' title='bbox 1102 2401 1211 2471; x_wconf 91' lang='lat' dir='ltr'>semel</span> 
     </span>
     <span class='ocr_line' id='line_1_20' title="bbox 167 2512 1211 2611; baseline 0.003 -30"><span class='ocrx_word' id='word_1_139' title='bbox 167 2513 322 2611; x_wconf 85' lang='lat' dir='ltr'>erumpit</span> <span class='ocrx_word' id='word_1_140' title='bbox 352 2535 450 2583; x_wconf 90' lang='lat' dir='ltr'>sacer</span> <span class='ocrx_word' id='word_1_141' title='bbox 482 2512 544 2583; x_wconf 89' lang='lat' dir='ltr'>ille</span> <span class='ocrx_word' id='word_1_142' title='bbox 573 2512 811 2595; x_wconf 82' lang='lat' dir='ltr'>Hebraeorum</span> <span class='ocrx_word' id='word_1_143' title='bbox 836 2512 1034 2594; x_wconf 88' lang='lat' dir='ltr'>Psalmista‚</span> <span class='ocrx_word' id='word_1_144' title='bbox 1060 2516 1211 2584; x_wconf 86' lang='lat' dir='ltr'>eandem</span> 
     </span>
     <span class='ocr_line' id='line_1_21' title="bbox 167 2626 1210 2720; baseline 0.001 -24"><span class='ocrx_word' id='word_1_145' title='bbox 167 2627 279 2697; x_wconf 88' lang='lat' dir='ltr'>ferme</span> <span class='ocrx_word' id='word_1_146' title='bbox 304 2626 427 2697; x_wconf 87' lang='lat' dir='ltr'>afferat</span> <span class='ocrx_word' id='word_1_147' title='bbox 452 2626 589 2717; x_wconf 88' lang='lat' dir='ltr'>aliquis,</span> <span class='ocrx_word' id='word_1_148' title='bbox 616 2629 813 2717; x_wconf 89' lang='lat' dir='ltr'>quaestione</span> <span class='ocrx_word' id='word_1_149' title='bbox 838 2627 961 2698; x_wconf 92' lang='lat' dir='ltr'>habita</span> <span class='ocrx_word' id='word_1_150' title='bbox 983 2630 1030 2699; x_wconf 92' lang='lat' dir='ltr'>de</span> <span class='ocrx_word' id='word_1_151' title='bbox 1055 2628 1210 2720; x_wconf 84' lang='lat' dir='ltr'>Tragicis</span> 
     </span>
     <span class='ocr_line' id='line_1_22' title="bbox 166 2739 1211 2836; baseline 0.002 -28"><span class='ocrx_word' id='word_1_152' title='bbox 166 2739 263 2816; x_wconf 88' lang='lat' dir='ltr'>hisce</span> <span class='ocrx_word' id='word_1_153' title='bbox 283 2741 386 2819; x_wconf 85' lang='lat' dir='ltr'>diris:</span> <span class='ocrx_word' id='word_1_154' title='bbox 413 2763 541 2833; x_wconf 87' lang='lat' dir='ltr'>nempe</span> <span class='ocrx_word' id='word_1_155' title='bbox 564 2764 729 2834; x_wconf 84' lang='lat' dir='ltr'>magnam</span> <span class='ocrx_word' id='word_1_156' title='bbox 753 2750 891 2833; x_wconf 89' lang='lat' dir='ltr'>partem</span> <span class='ocrx_word' id='word_1_157' title='bbox 916 2766 980 2835; x_wconf 91' lang='lat' dir='ltr'>per</span> <span class='ocrx_word' id='word_1_158' title='bbox 1001 2765 1059 2812; x_wconf 88' lang='lat' dir='ltr'>eas</span> <span class='ocrx_word' id='word_1_159' title='bbox 1080 2743 1211 2836; x_wconf 79' lang='lat' dir='ltr'>signifi-</span> 
     </span>
     <span class='ocr_line' id='line_1_23' title="bbox 166 2855 1210 2949; baseline 0.003 -26"><span class='ocrx_word' id='word_1_160' title='bbox 166 2855 248 2935; x_wconf 81' lang='lat' dir='ltr'>cari,</span> <span class='ocrx_word' id='word_1_161' title='bbox 265 2878 337 2938; x_wconf 86' lang='lat' dir='ltr'>non</span> <span class='ocrx_word' id='word_1_162' title='bbox 355 2857 439 2946; x_wconf 89' lang='lat' dir='ltr'>quid</span> <span class='ocrx_word' id='word_1_163' title='bbox 462 2856 606 2947; x_wconf 90' lang='lat' dir='ltr'>cupiant</span> <span class='ocrx_word' id='word_1_164' title='bbox 631 2855 802 2939; x_wconf 86' lang='lat' dir='ltr'>homines,</span> <span class='ocrx_word' id='word_1_165' title='bbox 820 2859 882 2927; x_wconf 90' lang='lat' dir='ltr'>sed</span> <span class='ocrx_word' id='word_1_166' title='bbox 899 2857 984 2949; x_wconf 92' lang='lat' dir='ltr'>quid</span> <span class='ocrx_word' id='word_1_167' title='bbox 1006 2858 1210 2926; x_wconf 88' lang='lat' dir='ltr'>ominentur</span> 
     </span>
     <span class='ocr_line' id='line_1_24' title="bbox 167 2969 971 3065; baseline -0.005 -20"><span class='ocrx_word' id='word_1_168' title='bbox 167 2976 205 3049; x_wconf 74' lang='lat' dir='ltr'>et</span> <span class='ocrx_word' id='word_1_169' title='bbox 222 2969 320 3040; x_wconf 91' lang='lat' dir='ltr'>brevi</span> <span class='ocrx_word' id='word_1_170' title='bbox 337 2971 412 3039; x_wconf 91' lang='lat' dir='ltr'>fore</span> <span class='ocrx_word' id='word_1_171' title='bbox 430 2971 595 3041; x_wconf 88' lang='lat' dir='ltr'>sentiant.</span> <span class='ocrx_word' id='word_1_172' title='bbox 646 2970 813 3064; x_wconf 84' lang='lat' dir='ltr'>Exempli</span> <span class='ocrx_word' id='word_1_173' title='bbox 829 2973 971 3065; x_wconf 73' lang='lat' dir='ltr'>gratia⁰‚</span> 
     </span>
    </p>
   </div>
   <div class='ocr_carea' id='block_1_3' title="bbox 376 3112 785 3265">
    <p class='ocr_par' dir='ltr' id='par_1_4' title="bbox 376 3112 785 3265">
     <span class='ocr_line' id='line_1_25' title="bbox 378 3112 785 3183; baseline -0.015 -6"><span class='ocrx_word' id='word_1_174' title='bbox 378 3116 436 3178; x_wconf 68' lang='lat' dir='ltr'>zea,</span> <span class='ocrx_word' id='word_1_175' title='bbox 448 3116 507 3177; x_wconf 73' lang='grc' dir='ltr'>Ζεῦ,</span> <span class='ocrx_word' id='word_1_176' title='bbox 516 3112 631 3171; x_wconf 74' lang='grc' dir='ltr'>κάτωθεν</span> <span class='ocrx_word' id='word_1_177' title='bbox 637 3113 785 3183; x_wconf 72' lang='grc' dir='ltr'>..ἀμπέμπων</span> 
     </span>
     <span class='ocr_line' id='line_1_26' title="bbox 376 3197 634 3265; baseline 0.012 -15"><span class='ocrx_word' id='word_1_178' title='bbox 376 3197 562 3265; x_wconf 65' lang='grc' dir='ltr'>ὑστερόποινον</span> <span class='ocrx_word' id='word_1_179' title='bbox 570 3197 634 3253; x_wconf 78' lang='grc' dir='ltr'>ὅταν</span> 
     </span>
    </p>
   </div>
   <div class='ocr_carea' id='block_1_4' title="bbox 377 3283 905 3437">
    <p class='ocr_par' dir='ltr' id='par_1_5' title="bbox 377 3283 905 3437">
     <span class='ocr_line' id='line_1_27' title="bbox 377 3283 800 3355; baseline 0.005 -21"><span class='ocrx_word' id='word_1_180' title='bbox 377 3283 479 3351; x_wconf 80' lang='grc' dir='ltr'>βροτῶν</span> <span class='ocrx_word' id='word_1_181' title='bbox 489 3284 600 3351; x_wconf 65' lang='lat' dir='ltr'>aleppiae</span> <span class='ocrx_word' id='word_1_182' title='bbox 611 3283 652 3336; x_wconf 82' lang='grc' dir='ltr'>καὶ</span> <span class='ocrx_word' id='word_1_183' title='bbox 664 3283 800 3355; x_wconf 76' lang='grc' dir='ltr'>πανούργῳ</span> 
     </span>
     <span class='ocr_line' id='line_1_28' title="bbox 377 3365 905 3437; baseline 0.002 -15"><span class='ocrx_word' id='word_1_184' title='bbox 377 3366 454 3437; x_wconf 66' lang='grc' dir='ltr'>χειρὶ,</span> <span class='ocrx_word' id='word_1_185' title='bbox 465 3370 569 3428; x_wconf 61' lang='grc' dir='ltr'>τοκεῦσι</span> <span class='ocrx_word' id='word_1_186' title='bbox 581 3365 607 3421; x_wconf 77' lang='grc' dir='ltr'>δ”</span> <span class='ocrx_word' id='word_1_187' title='bbox 616 3365 685 3436; x_wconf 70' lang='grc' dir='ltr'>ὅμως</span> <span class='ocrx_word' id='word_1_188' title='bbox 695 3370 816 3430; x_wconf 68' lang='grc' dir='ltr'>τελεῖται,</span> <span class='ocrx_word' id='word_1_189' title='bbox 899 3389 905 3398; x_wconf 89' lang='grc'><strong>’</strong></span> 
     </span>
    </p>
   </div>
   <div class='ocr_carea' id='block_1_5' title="bbox 163 3451 1211 4054">
    <p class='ocr_par' dir='ltr' id='par_1_6' title="bbox 378 3451 692 3524">
     <span class='ocr_line' id='line_1_29' title="bbox 378 3451 692 3524; baseline 0.013 -19"><span class='ocrx_word' id='word_1_190' title='bbox 378 3451 524 3521; x_wconf 50' lang='lat' dir='ltr'>wana</span> <span class='ocrx_word' id='word_1_191' title='bbox 535 3451 637 3524; x_wconf 80' lang='grc' dir='ltr'>γένοιτό</span> <span class='ocrx_word' id='word_1_192' title='bbox 648 3475 692 3522; x_wconf 82' lang='grc' dir='ltr'>μοι</span> 
     </span>
    </p>

    <p class='ocr_par' dir='ltr' id='par_1_7' title="bbox 376 3536 667 3609">
     <span class='ocr_line' id='line_1_30' title="bbox 376 3536 667 3609; baseline -0.003 -9"><span class='ocrx_word' id='word_1_193' title='bbox 376 3536 506 3606; x_wconf 61' lang='lat' dir='ltr'>revectus</span> <span class='ocrx_word' id='word_1_194' title='bbox 519 3537 667 3609; x_wconf 65' lang='grc' dir='ltr'>ὀλολιομὸν</span> 
     </span>
    </p>

    <p class='ocr_par' dir='ltr' id='par_1_8' title="bbox 378 3621 637 3694">
     <span class='ocr_line' id='line_1_31' title="bbox 378 3621 637 3694; baseline 0.012 -18"><span class='ocrx_word' id='word_1_195' title='bbox 378 3621 470 3692; x_wconf 74' lang='grc' dir='ltr'>ἀνδρὸς</span> <span class='ocrx_word' id='word_1_196' title='bbox 480 3621 637 3694; x_wconf 69' lang='grc' dir='ltr'>θεινομένου,</span> 
     </span>
    </p>

    <p class='ocr_par' dir='ltr' id='par_1_9' title="bbox 163 3708 1211 4054">
     <span class='ocr_line' id='line_1_32' title="bbox 374 3708 693 3780; baseline 0.006 -14"><span class='ocrx_word' id='word_1_197' title='bbox 374 3711 494 3778; x_wconf 71' lang='grc' dir='ltr'>γυναικός</span> <span class='ocrx_word' id='word_1_198' title='bbox 505 3708 529 3764; x_wconf 61' lang='lat' dir='ltr'>r*</span> <span class='ocrx_word' id='word_1_199' title='bbox 540 3708 693 3780; x_wconf 68' lang='grc' dir='ltr'>ὄλλνμίναε,</span> 
     </span>
     <span class='ocr_line' id='line_1_33' title="bbox 168 3840 1211 3934; baseline 0.007 -24"><span class='ocrx_word' id='word_1_200' title='bbox 168 3840 257 3912; x_wconf 89' lang='lat' dir='ltr'>Haec</span> <span class='ocrx_word' id='word_1_201' title='bbox 274 3844 348 3919; x_wconf 84' lang='lat' dir='ltr'>sive</span> <span class='ocrx_word' id='word_1_202' title='bbox 366 3843 526 3928; x_wconf 79' lang='lat' dir='ltr'>Electrae,</span> <span class='ocrx_word' id='word_1_203' title='bbox 544 3845 618 3914; x_wconf 89' lang='lat' dir='ltr'>sive</span> <span class='ocrx_word' id='word_1_204' title='bbox 635 3843 753 3915; x_wconf 86' lang='lat' dir='ltr'>Choro</span> <span class='ocrx_word' id='word_1_205' title='bbox 769 3845 980 3928; x_wconf 79' lang='lat' dir='ltr'>tribuantur,</span> <span class='ocrx_word' id='word_1_206' title='bbox 1000 3847 1096 3934; x_wconf 87' lang='lat' dir='ltr'>(nam</span> <span class='ocrx_word' id='word_1_207' title='bbox 1113 3847 1151 3916; x_wconf 92' lang='lat' dir='ltr'>in</span> <span class='ocrx_word' id='word_1_208' title='bbox 1168 3871 1211 3917; x_wconf 89' lang='lat' dir='ltr'>ea</span> 
     </span>
     <span class='ocr_line' id='line_1_34' title="bbox 163 3956 1210 4054; baseline 0.007 -29"><span class='ocrx_word' id='word_1_209' title='bbox 163 3978 203 4025; x_wconf 87' lang='lat' dir='ltr'>re</span> <span class='ocrx_word' id='word_1_210' title='bbox 222 3956 357 4027; x_wconf 88' lang='lat' dir='ltr'>variant</span> <span class='ocrx_word' id='word_1_211' title='bbox 371 3957 522 4054; x_wconf 72' lang='lat' dir='ltr'>critici),</span> <span class='ocrx_word' id='word_1_212' title='bbox 537 3958 624 4037; x_wconf 91' lang='lat' dir='ltr'>mihi</span> <span class='ocrx_word' id='word_1_213' title='bbox 638 3967 734 4029; x_wconf 89' lang='lat' dir='ltr'>certe</span> <span class='ocrx_word' id='word_1_214' title='bbox 747 3960 912 4030; x_wconf 86' lang='lat' dir='ltr'>videntur</span> <span class='ocrx_word' id='word_1_215' title='bbox 925 3985 996 4031; x_wconf 92' lang='lat' dir='ltr'>non</span> <span class='ocrx_word' id='word_1_216' title='bbox 1008 3964 1082 4031; x_wconf 90' lang='lat' dir='ltr'>voti</span> <span class='ocrx_word' id='word_1_217' title='bbox 1096 3962 1210 4032; x_wconf 92' lang='lat' dir='ltr'>solum</span> 
     </span>
    </p>
   </div>
   <div class='ocr_carea' id='block_1_6' title="bbox 166 4073 1209 4166">
    <p class='ocr_par' dir='ltr' id='par_1_10' title="bbox 166 4073 1209 4166">
     <span class='ocr_line' id='line_1_35' title="bbox 166 4073 1209 4166; baseline -0.002 -22"><span class='ocrx_word' id='word_1_218' title='bbox 166 4091 289 4150; x_wconf 74' lang='lat' dir='ltr'>verum</span> <span class='ocrx_word' id='word_1_219' title='bbox 306 4073 415 4142; x_wconf 89' lang='lat' dir='ltr'>etiam</span> <span class='ocrx_word' id='word_1_220' title='bbox 433 4073 564 4145; x_wconf 89' lang='lat' dir='ltr'>oraculi</span> <span class='ocrx_word' id='word_1_221' title='bbox 583 4074 764 4166; x_wconf 90' lang='lat' dir='ltr'>cujusdam</span> <span class='ocrx_word' id='word_1_222' title='bbox 781 4097 852 4166; x_wconf 87' lang='lat' dir='ltr'>prae</span> <span class='ocrx_word' id='word_1_223' title='bbox 869 4098 906 4146; x_wconf 90' lang='lat' dir='ltr'>se</span> <span class='ocrx_word' id='word_1_224' title='bbox 919 4076 1010 4146; x_wconf 87' lang='lat' dir='ltr'>ferre</span> <span class='ocrx_word' id='word_1_225' title='bbox 1027 4076 1209 4145; x_wconf 89' lang='lat' dir='ltr'>rationem.</span> 
     </span>
    </p>
   </div>
   <div class='ocr_carea' id='block_1_7' title="bbox 583 4266 793 4336">
    <p class='ocr_par' dir='ltr' id='par_1_11' title="bbox 583 4266 793 4336">
     <span class='ocr_line' id='line_1_36' title="bbox 583 4266 793 4336; baseline -0.01 -15"><span class='ocrx_word' id='word_1_226' title='bbox 583 4273 592 4296; x_wconf 82' lang='lat'><strong>·</strong></span> <span class='ocrx_word' id='word_1_227' title='bbox 607 4266 717 4336; x_wconf 71' lang='lat' dir='ltr'>Cdo&#39;eplr.</span> <span class='ocrx_word' id='word_1_228' title='bbox 731 4279 793 4336; x_wconf 82' lang='lat'><strong>379.</strong></span> 
     </span>
    </p>
   </div>
   <div class='ocr_carea' id='block_1_8' title="bbox 0 0 1388 4876">
    <p class='ocr_par' dir='ltr' id='par_1_12' title="bbox 0 0 1388 4876">
     <span class='ocr_line' id='line_1_37' title="bbox 0 0 1388 4876; baseline 0 0"><span class='ocrx_word' id='word_1_229' title='bbox 0 0 1388 4876; x_wconf 95' lang='lat' dir='ltr'> </span> 
     </span>
    </p>
   </div>
  </div>
 </body>
</html>
