2768 4876
174 329 239 401 698
366 331 542 394 Lacrdiwm
558 331 671 394 Pietati
684 331 795 414 sapim
808 330 976 393 inservire:
1022 353 1118 393 enan.
1129 352 1226 392 xxxv.

176 505 332 572 cationes
357 504 532 573 desideret
557 504 632 593 ejus
650 524 754 593 quem
782 500 970 592 perhibent
996 501 1153 582 insaniae,
1172 500 1225 570 vel

172 616 283 707 ipsam
304 615 473 687 insaniam
500 627 603 708 putet
629 640 700 686 non
723 617 814 686 bene
837 616 959 686 referri
977 616 1022 686 ad
1040 617 1225 686 obscuram

174 733 436 814 divinationem,
457 756 499 802 ac
526 732 672 802 Numen
698 732 851 823 aliquod,
876 734 973 802 idem
999 741 1121 802 tamen
1148 755 1225 802 sen-

172 849 249 929 tiat,
275 848 320 917 ab
344 846 405 918 illo
424 848 548 929 Poeta,
567 846 624 916 vel
650 848 831 929 insciente,
849 846 1069 939 comprobari
1094 848 1225 916 miran-

172 963 257 1032 dum
275 964 311 1032 in
329 965 487 1047 modum,
501 964 610 1032 immo
624 964 715 1032 tradi
732 986 774 1033 ac
792 962 1031 1033 commendari
1049 963 1222 1044 omnibus,

171 1101 250 1147 eam
269 1079 486 1172 religionem,
505 1101 611 1170 quam
629 1079 744 1148 verbis
762 1078 853 1148 solet
870 1078 1007 1148 tollere.

223 1194 387 1264 Profecto
413 1218 484 1265 non
510 1194 614 1264 facile
639 1195 796 1264 invenias
821 1193 916 1285 apud
936 1214 1140 1286 quenquam
1166 1215 1223 1263 eo-

171 1332 249 1378 rum
274 1308 475 1392 Poetarum,
494 1311 554 1401 qui
580 1309 646 1378 hac
673 1310 807 1400 optima
825 1308 923 1378 Luce
949 1316 1150 1390 caruerunt,
1168 1316 1223 1378 tot

171 1447 290 1494 versus
316 1432 392 1494 tam
418 1423 590 1506 laudatos,
615 1425 676 1516 qui
703 1424 823 1493 solidae
850 1432 887 1494 et
917 1425 1064 1495 sincerae
1095 1424 1221 1516 pietati

170 1541 413 1609 testimonium
438 1540 698 1631 quodammodo
715 1540 810 1608 ultro
827 1540 1045 1631 impertiant.
1100 1538 1220 1610 Nemo

169 1656 328 1724 omnium
356 1655 458 1747 plura
483 1657 631 1747 scripsit,
653 1646 735 1748 ¹quae
765 1657 802 1725 in
833 1656 962 1725 bonam
989 1664 1220 1749 sanctamque

168 1782 305 1864 partem
334 1779 540 1841 convertere
569 1780 698 1863 posset,
723 1773 783 1862 qui
805 1771 923 1854 vellet,
949 1780 1089 1841 mutato
1114 1773 1220 1844 modo

168 1887 226 1957 hie
247 1887 319 1957 illic
342 1910 414 1956 uno
435 1895 542 1977 atque
568 1887 681 1958 altero
699 1888 816 1969 verbo,
834 1896 973 1957 servato
994 1896 1118 1957 tamen
1144 1890 1220 1958 uni-

169 2025 275 2072 versae
301 2003 488 2072 sententiae
515 2011 649 2072 tenore.
704 2001 809 2084 Quod
830 2025 943 2096 genus
965 2003 1077 2072 ferme
1100 2003 1220 2096 appel-

168 2114 244 2185 lant
259 2115 490 2186 Grammatici
508 2113 684 2209 παρῳδίαν.
730 2114 802 2184 Sed
819 2138 862 2186 ea
878 2138 948 2185 vox
965 2123 1008 2184 ut
1025 2115 1218 2207 plurimum

167 2230 356 2301 adhibetur
371 2232 408 2299 in
426 2252 464 2299 re
481 2230 555 2300 sola
572 2229 719 2300 ridicula
744 2253 786 2300 ac
809 2230 934 2301 faceta.
987 2229 1075 2301 Vim
1096 2240 1218 2301 autem

165 2348 243 2438 ejus
275 2355 397 2416 extare
431 2347 468 2415 in
502 2347 600 2415 seriis
631 2368 780 2438 quoquo,
811 2347 976 2428 sentient,
1008 2347 1145 2437 opinor,
1173 2345 1217 2416 ad

167 2484 278 2530 unum
304 2483 435 2541 omnes,
454 2463 514 2551 qui
540 2461 659 2552 paullo
678 2461 882 2553 diligentius
906 2461 1109 2542 Poetarum,
1133 2483 1217 2552 prae·

166 2579 287 2647 sertim
307 2584 479 2659 veterum,
498 2577 619 2669 legent
636 2578 801 2646 carmina.

217 2693 413 2763 Videamus
431 2702 551 2762 autem
570 2693 605 2759 in
623 2714 694 2760 uno
713 2692 895 2781 alteroque
912 2691 1089 2782 exemplo,
1107 2714 1217 2782 quan·

167 2816 221 2876 tas
247 2818 363 2898 partes
389 2809 530 2899 pietatis
560 2809 714 2877 habeant
743 2831 865 2877 revera
892 2806 1095 2875 Lucretiani
1126 2806 1214 2887 libri,

166 2926 338 2993 insciente
364 2931 401 2992 et
431 2924 543 2992 invito
570 2922 692 2993 Poeta.
744 2924 876 3003 Primo,
903 2923 980 3013 quis
1010 2946 1082 2992 non
1106 2924 1213 3003 videt,

158 3039 286 3127 jecisse
310 3060 392 3107 eum
417 3038 650 3107 fundamenta
675 3038 862 3107 meliorum
885 3060 992 3128 quam
1017 3061 1081 3129 pro
1108 3047 1212 3130 captu

166 3153 309 3244 Epicuri
335 3154 398 3233 sui,
417 3154 511 3243 quod
529 3154 644 3223 verbis
670 3155 895 3242 numerisque
921 3153 1009 3221 adeo
1035 3150 1213 3222 flebilibus

163 3270 325 3338 miseram
344 3293 545 3362 aegramque
563 3269 766 3338 mortalium
786 3269 895 3337 vitam
914 3267 1200 3359 deploraverit⁸l

305 3412 333 3466 si
345 3423 454 3482 possent
465 3413 596 3476 homines,
612 3413 723 3483 proinde
735 3431 765 3466 ac
779 3413 875 3466 sentire
887 3410 1011 3465 videntur

304 3498 413 3553 Pondus
426 3499 512 3553 inesse
524 3500 613 3553 animo
626 3499 698 3571 quod
711 3518 739 3553 se
751 3499 878 3570 gravitate
890 3497 990 3568 fatiget,

304 3583 339 3637 Et
351 3585 449 3655 quibus
461 3585 489 3639 id
502 3586 546 3638 fiat
560 3587 646 3639 causis
659 3603 828 3656 cognoscere,
840 3594 866 3639 et
878 3584 951 3639 unde

302 3669 388 3723 Tanta
400 3671 462 3724 mali
474 3679 601 3742 tanquam
613 3674 696 3726 moles
708 3674 737 3726 in
749 3681 854 3742 pectore
866 3680 984 3733 constet;

304 3755 386 3810 Haud
397 3758 434 3810 ita
445 3758 528 3811 vitam
540 3768 657 3829 agerent,
669 3769 700 3812 ut
712 3777 784 3813 nunc
797 3761 952 3828 plerumque
964 3755 1096 3818 videmus,

303 3842 376 3901 Quid
389 3844 439 3897 sibi
452 3845 564 3916 quisque
576 3847 647 3909 velit,
660 3846 770 3907 nescire,
783 3853 809 3898 et
821 3861 937 3914 quaerere
950 3860 1064 3912 semper,

302 3927 473 3983 Commutare
485 3931 582 3993 locum,
596 3931 671 4001 quasi
684 3947 752 3983 onus
765 3929 895 3998 deponere
907 3929 1001 3997 possit.

210 4077 385 4168 Equidem
399 4101 521 4148 omnes
538 4101 650 4169 paene,
663 4079 722 4168 qui
740 4097 858 4145 versus
875 4076 1099 4166 scripserunt,
1107 4077 1208 4145 video

560 4341 574 4369 ²
593 4333 671 4387 Lucr.
685 4350 710 4403 3.
727 4331 803 4387 1066.
