2768 4876
163 325 255 371 rnna.
269 327 385 370 xxvur.
416 306 463 372 ila
477 315 586 386 tumen,
602 315 636 371 at
643 328 791 392 personas
806 307 859 372 cie
872 308 948 372 salis
962 307 1069 371 ramat.
1149 304 1214 372 567

164 477 307 572 Nempe
324 479 474 550 artificio
492 482 603 574 magis
619 481 752 552 eximio
770 479 960 550 declaravit
978 475 1092 570 qualis
1104 474 1216 548 fuerit

163 617 282 688 angor,
314 618 423 686 quem
456 596 531 688 ipse
560 595 662 666 flenti
689 595 818 666 adllere
847 596 942 665 visus
972 605 1036 665 est.
1089 593 1212 666 Velim

163 712 267 780 modo
286 712 354 780 ista
370 711 529 781 conferat
546 711 672 802 aliquis
689 735 772 781 cum
788 710 966 780 flebilibus
979 709 1210 780 Hebraeorum

163 825 287 908 modis,
319 825 467 897 Davidis
496 828 587 909 dico,
618 826 739 907 Hiobi,
771 826 982 908 Hezechiae;
1011 827 1212 917 quicunque

163 940 299 1034 Spiritu
323 942 510 1034 plusquam
528 943 682 1013 humano
699 943 894 1012 cecinerint
911 942 995 1033 quid
1013 950 1157 1034 possent
1175 942 1211 1011 iu

162 1058 266 1150 aegris
291 1057 501 1129 mortalibus
526 1069 625 1130 artus
645 1059 803 1139 cruciati,
821 1081 882 1128 cor
899 1058 1080 1150 languena,
1099 1057 1213 1126 omnis

161 1172 222 1242 ille
248 1174 349 1264 quasi
375 1182 564 1266 apparatus
589 1175 793 1243 morborum
819 1196 860 1243 ac
886 1173 1016 1243 doloris
1044 1172 1212 1264 corporei.

163 1287 330 1359 Invenies
359 1289 529 1382 profecto,
556 1312 679 1359 eorum
707 1288 865 1358 lamenta
897 1287 1045 1357 mirifice
1070 1310 1214 1380 respon·

162 1404 246 1474 dere
268 1406 311 1474 iis
331 1406 484 1489 vocibus,
502 1427 589 1496 quas
613 1406 658 1474 ab
681 1402 933 1498 aegrotantibus
950 1404 1109 1494 quotidie
1135 1426 1214 1474 sen-

162 1519 273 1589 timus
295 1519 432 1589 emitti:
462 1519 644 1613 singultim
662 1518 923 1611 quodammodo
944 1518 1111 1588 brevibus
1132 1542 1214 1588 acu-

162 1634 280 1725 tisque
308 1633 473 1704 clausulis
501 1633 599 1704 velut
626 1635 700 1726 ipsa
725 1633 759 1702 vi
785 1632 869 1702 mali
899 1632 945 1701 ab
971 1632 1043 1701 imo
1070 1643 1214 1723 pectore

162 1751 324 1819 extortis
375 1748 466 1818 Tum
493 1750 614 1818 orbem
641 1758 825 1830 terrarum,
849 1758 891 1816 ut
916 1746 968 1816 ita
988 1748 1113 1828 dicam,
1136 1769 1214 1838 per-

162 1874 297 1957 agrant,
320 1866 511 1955 quaereudo
538 1864 799 1946 similitudines,
825 1865 854 1934 si
880 1864 972 1933 forte
992 1865 1126 1955 possint
1152 1885 1213 1932 ex-

163 1977 293 2071 plicare
324 1979 445 2072 lingua
474 2002 617 2049 arcanos
636 1988 685 2048 et
712 1978 926 2073 miserrimos
955 2000 1097 2047 sensus:
1128 2001 1210 2046 cum

168 2091 342 2185 Hercules
362 2092 424 2162 ille
450 2091 679 2184 Sophocleus,
690 2094 790 2184 justa
812 2092 982 2172 oratione,
1000 2092 1113 2182 magis
1129 2092 1214 2181 quid

163 2207 221 2278 alii
240 2210 422 2279 adstantes
440 2207 609 2301 cogitent,
628 2231 734 2300 quam
752 2207 836 2299 quid
857 2208 932 2298 ipse
955 2208 1051 2275 intus
1074 2208 1215 2289 sentiat,

165 2348 344 2418 exponere
360 2325 532 2395 videatur.
602 2364 606 2370 ·
821 2325 824 2331 ’

213 2440 390 2512 Praeterea
415 2441 619 2523 videndum,
645 2463 690 2511 an
720 2443 813 2533 apud
841 2440 1054 2533 Sophoclem
1086 2439 1212 2509 diversi

164 2565 312 2640 actores,
329 2557 454 2627 iisdem
480 2557 554 2626 fere
578 2556 839 2626 calamitatibus
865 2556 994 2640 obruti,
1016 2555 1100 2625 satis
1120 2557 1215 2625 inter

164 2694 201 2742 se
214 2673 436 2764 discrepent3
463 2695 508 2742 ex
526 2671 605 2765 lege
617 2671 784 2740 videlicet
798 2679 835 2741 et
848 2679 1016 2762 tanquam
1031 2694 1076 2740 ex
1094 2673 1213 2741 edicto

166 2785 325 2869 Naturae,
342 2810 521 2879 nunquam
548 2788 600 2856 ita
616 2787 851 2878 comparantis
869 2809 975 2878 opera
992 2795 1064 2868 sua,
1082 2796 1124 2856 ut
1142 2788 1213 2858 duo

165 2903 278 2993 quivis
301 2902 508 2984 animantes,
525 2925 571 2972 ne
597 2903 711 2972 dicam
737 2901 909 2982 homines,
927 2902 1018 2972 alter
1043 2901 1144 2972 alteri
1167 2925 1214 2973 ex

164 3018 261 3086 omni
283 3028 384 3109 parte
410 3018 655 3111 respondeant.
706 3016 823 3100 Quam
846 3040 921 3087 reru
939 3017 998 3108 qui
1017 3040 1088 3087 uon
1106 3019 1212 3087 modo

165 3131 256 3202 bene
273 3133 503 3225 perspexerit,
521 3154 644 3201 verum
663 3132 772 3201 etiam
790 3133 841 3201 ita
858 3133 1015 3201 versibus
1032 3154 1215 3224 expresse-

166 3247 220 3329 rit,
239 3255 281 3315 ut
298 3248 411 3338 quivis
433 3255 639 3340 agnosceret
661 3269 850 3316 commune
873 3246 1005 3337 aliquid
1027 3271 1108 3317 cum
1129 3271 1216 3317 una·

165 3384 305 3453 quaque
329 3385 479 3454 persona
504 3361 728 3443 sentientem,
747 3361 777 3431 is
800 3361 940 3454 proprio
957 3363 1111 3452 quodam
1131 3363 1225 3453 jure'

166 3478 234 3548 dici
253 3478 360 3547 debet
384 3490 421 3547 et
447 3477 566 3547 haberi
586 3476 787 3557 Primarius,
806 3500 852 3547 ex
875 3501 917 3546 ea
939 3477 1105 3548 videlicet
1124 3478 1213 3548 Poe·

166 3614 243 3664 seos
259 3600 370 3685 parte,
388 3615 469 3684 quae
487 3593 531 3662 ad
549 3591 696 3662 affectus
714 3591 898 3661 hominum
915 3593 1083 3683 pertinet.

214 3707 338 3799 Atque
363 3719 404 3776 ut
435 3708 470 3775 in
500 3708 626 3777 eodem
651 3707 739 3790 loco,
766 3708 824 3777 cui
851 3708 1054 3789 institimus,
1080 3709 1213 3780 diutius

165 3821 283 3913 paullo
309 3844 508 3905 versemur;
537 3823 664 3903 videte,
692 3822 847 3903 obsecro,
874 3845 980 3914 quam
1010 3845 1134 3915 parum
1159 3824 1213 3891 in-

166 3937 266 4006 tersit
288 3937 383 4006 inter
401 3936 595 4007 Herculem
613 3947 649 4006 ot
668 3937 915 4018 Philoctetam,
935 3937 1029 4029 quod
1051 3937 1096 4006 ad
1114 3936 1212 4006 dolo-

167 4072 218 4121 res
251 4049 453 4121 tolerandos
482 4053 621 4121 attinet.
688 4050 866 4120 Nimirum
901 4059 942 4120 ut
980 4074 1089 4124 unum
1122 4051 1212 4123 illud

166 4166 329 4258 excipias,
351 4167 445 4257 quod
470 4165 618 4235 Herculi
646 4164 841 4235 identidem
869 4168 964 4235 venit
991 4167 1026 4234 in
1052 4176 1211 4243 mentem
