2768 4876
188 348 406 392 nunuxxxvn.
451 329 590 415 Mirifice
604 351 671 393 euna
685 351 750 393 cum
765 330 873 394 culcitis
886 332 1003 396 sentire.
1166 336 1229 400 743

185 502 235 570 nis
260 511 344 572 su'nt
368 504 455 595 ipsis
477 505 514 572 in
541 526 611 572 ore.
665 500 882 587 Diluculum‚
902 507 998 576 verbi
1023 508 1150 600 gratia,
1173 507 1228 578 his

184 617 304 709 incipit
322 618 513 712 depingere
524 613 560 688 b:

392 780 469 834 Dum
480 797 558 834 mane
569 797 680 843 novum,
693 779 758 833 dum
770 781 892 850 gramina
903 790 1007 836 canent.

183 915 300 1000 Bene;
322 919 382 987 sed
401 942 506 989 nemo
519 902 589 988 uon
604 920 748 990 eadem:
773 921 931 988 nondum
949 920 1119 990 babemus
1130 923 1224 1011 quod

182 1033 358 1125 proprium
372 1036 418 1105 sit
435 1036 611 1129 agricolae.
652 1033 843 1105 Attendite
857 1058 949 1117 vero,
968 1037 1051 1129 quid
1064 1037 1225 1129 proxime

181 1162 345 1242 sequatur
357 1176 365 1222 ε

319 1296 355 1351 Et
367 1315 411 1351 ros
424 1297 451 1350 in
465 1306 554 1351 tenera
566 1298 654 1367 pecori
665 1297 833 1368 gratissimus
844 1297 934 1352 herba.

171 1406 321 1505 ¹Videtis
341 1435 439 1526 loqui
457 1435 514 1504 vel
531 1437 715 1506 custodem
733 1436 790 1505 vel
817 1445 912 1505 certe
933 1436 1139 1528 magistrum
1165 1459 1225 1528 pe-

181 1573 311 1620 corum.
366 1550 481 1620 Addit
499 1553 626 1620 deinde
644 1560 722 1643 post
740 1551 869 1642 paullo,
886 1552 1008 1621 adulta
1018 1553 1095 1643 jam
1113 1552 1181 1632 die,

426 1697 482 1751 Ubi
494 1707 588 1769 quarta
599 1698 670 1752 sitim
683 1698 740 1751 caeli
753 1698 887 1768 collegerit
898 1697 972 1761 hora,

318 1782 353 1836 Et
366 1793 448 1837 cantu
460 1786 577 1855 querulae
590 1793 714 1854 rumpent
726 1784 835 1838 arbusta
847 1784 953 1838 cicadae.

180 1905 313 1976 Iterum
339 1932 506 2001 agnoscas
523 1933 589 1979 usu
608 1911 785 1991 edoctum,
802 1910 886 2000 quid
908 1911 953 1978 sit
975 1908 1132 1977 laborare
1158 1907 1223 1976 sub

179 2022 313 2091 ardenti
327 2023 411 2104 sole,
423 2025 562 2115 quando
576 2034 676 2094 aestas
687 2027 795 2116 coepit
809 2048 884 2094 esse
898 2023 1097 2103 molesti0r;
1116 2044 1222 2113 quam

179 2136 312 2206 soleant
330 2140 496 2210 subirasci
515 2140 675 2210 homines
695 2141 801 2209 modo
821 2140 897 2231 jam
923 2139 1142 2232 languentes,
1160 2161 1223 2207 seu

178 2253 327 2323 viatores
352 2256 425 2324 sive
443 2257 599 2348 operarii,
618 2258 820 2348 importuna
842 2255 903 2324 illa
920 2265 956 2325 et
974 2257 1070 2325 arida
1087 2254 1222 2324 cicada-

179 2392 254 2438 rum
274 2393 371 2440 voce.

169 2492 173 2498 ’
226 2485 423 2556 Veniamus
440 2488 485 2555 ad
504 2487 738 2556 meridianum
756 2493 897 2578 tempus
909 2496 933 2554 ⁰.

314 2637 378 2692 Jam
389 2639 498 2708 rapidus
510 2647 614 2692 torrens
627 2637 744 2692 sitientes
758 2637 843 2691 Sirius
857 2637 940 2692 Indos

314 2723 432 2778 Ardebat
439 2745 448 2787 ;
468 2726 535 2778 coelc
547 2733 573 2778 et
585 2724 703 2778 medium
717 2723 764 2778 Sol
774 2725 869 2795 igneus
882 2725 975 2778 orbem

318 2810 466 2864 Hauserat:
486 2811 595 2865 arebant
606 2811 704 2866 herbae.

176 2947 277 3017 Nihil
303 2947 429 3028 adhuc,
453 2949 546 3038 quod
573 2949 743 3018 rusticum
772 2950 946 3040 praecipue
973 2949 1094 3040 sapiat.
1148 2948 1218 3019 Sed

175 3063 310 3155 pergite
327 3063 453 3132 modo:

546 3189 582 3242 Et
594 3207 658 3243 cava
669 3188 780 3242 flumine
793 3189 869 3242 siccis

313 3275 446 3330 Faucibus
458 3275 492 3329 ad
504 3277 599 3330 limum
610 3276 677 3330 radii
689 3277 817 3346 tepefacta
829 3276 984 3346 coquebant

173 3397 306 3480 Potuit,
332 3400 447 3479 credo,
473 3399 672 3490 pulchriora
696 3399 750 3468 his
775 3399 929 3490 proferre
947 3397 1129 3489 Virgilius,
1156 3398 1217 3466 sed
1263 3408 1266 3415 '

172 3513 297 3582 iisdem
322 3514 469 3583 fortasse
495 3514 798 3606 circumspiciebat
824 3513 943 3595 oculis,
961 3521 1069 3606 atque
1094 3514 1130 3597 ii,
1156 3515 1216 3605 qui

171 3629 336 3722 gregibus
360 3630 430 3698 suis
451 3631 600 3698 nimium
619 3629 710 3699 Solis
733 3629 893 3698 ardorem
918 3636 1104 3698 metuunt:
1132 3651 1218 3720 quo-

170 3766 250 3812 rum
279 3745 388 3814 etiam
418 3767 532 3815 sermo
562 3746 652 3816 solet
682 3744 767 3815 talia
797 3747 916 3815 omnia
945 3746 981 3814 in
1011 3745 1124 3835 majus
1155 3766 1218 3812 ex·

172 3859 307 3928 tollere.
991 3860 998 3870 '

221 3974 385 4067 Denique
414 3997 460 4044 ne
490 3997 614 4067 vesper
644 3977 841 4058 omittatur,
872 3975 1043 4044 habemus
1076 3974 1214 4065 proprie

76 4162 77 4167 χ
166 4086 581 4182 ννθτθᾳηθνίτςίἰίαηυω.
621 4091 751 4183 Ecquis
769 4092 864 4162 enim
881 4098 1010 4180 praeter
1020 4086 1213 4181 Virgilium

256 4305 267 4336 ¹³
283 4307 373 4375 Georg-
389 4325 413 4377 3.
428 4322 489 4378 325.
862 4308 952 4360 ‘lutat
967 4327 992 4373 4.
1005 4321 1067 4374 425.
