2768 4876
163 338 228 404 780
314 335 425 400 Adesse
439 336 551 413 Deum,
568 336 809 421 Virgiliartoratm
822 356 949 400 samma.
974 359 1069 399 rann.
1081 360 1217 401 xxxvnr.

164 509 255 577 forte
272 509 449 600 repetenti
468 507 593 578 subeat
610 509 720 578 etiam
739 505 915 603 Προνοίας,
930 531 1036 599 quam
1051 509 1215 592 oderunt,

164 626 294 717 imago.
347 624 520 707 Quaerunt
550 623 616 693 sibi
647 624 765 693 miseri
796 646 904 693 novas
930 645 1072 715 semper
1097 647 1214 693 rerum

166 739 318 809 latebras
342 750 379 809 et
402 740 579 832 ambages,
598 761 643 808 ne
666 741 703 808 in
729 740 871 808 unioam
894 739 999 808 Illam
1025 742 1215 832 respiciant

165 857 316 926 Causam
344 863 452 945 atque
482 855 617 949 Legem
644 856 814 923 omnium.
865 855 1002 925 Juvant
1028 856 1152 948 itaque
1180 865 1215 926 et

165 971 221 1039 isti
242 970 428 1040 veritatem
447 971 650 1041 testimonio
675 971 797 1053 invito,
822 969 1001 1061 cultuque,
1029 994 1137 1061 quem
1155 973 1215 1040 tri-

165 1087 281 1155 buunt
306 1087 514 1158 inscientes:
543 1109 665 1156 verum
692 1087 786 1178 quod
812 1086 857 1155 ad
880 1085 972 1177 ipsos
996 1087 1139 1168 attinet,
1158 1087 1215 1155 fri-

164 1202 256 1294 gidis
272 1203 432 1293 profecto
444 1211 481 1270 et
495 1201 679 1272 inamoenis
693 1223 808 1270 errare
820 1200 985 1269 videntur
1002 1202 1213 1292 regionibus,

166 1318 264 1387 velut
283 1320 342 1409 qui
361 1341 427 1388 nee
444 1319 594 1410 patriam
612 1339 727 1409 neque
742 1324 857 1387 certos
875 1318 1038 1386 noverint
1052 1317 1213 1399 Penates,

166 1456 307 1524 unoque
325 1442 362 1503 et
380 1435 507 1503 eodem
531 1442 691 1524 tempore
712 1455 854 1502 omnem
879 1455 950 1501 non
974 1433 1081 1502 modo
1099 1433 1215 1503 caeles-

165 1550 257 1618 tium
281 1570 398 1616 rerum
422 1569 553 1628 euram,
572 1569 694 1615 verum
719 1546 828 1614 etiam
857 1554 1076 1614 terrenarum
1095 1546 1214 1615 dulce-

165 1663 297 1747 dinem,
315 1685 336 1732 a
353 1684 391 1733 se
407 1663 612 1754 abjecerint.

215 1776 299 1846 Jam
325 1787 445 1847 autem
472 1779 605 1869 pendet
631 1777 705 1846 haee
730 1775 843 1845 omnis
870 1775 982 1843 oratio
999 1776 1044 1844 ab
1063 1798 1134 1844 una
1155 1775 1214 1845 illa

167 1891 374 1984 Virgilianae
393 1893 546 1962 Poeseos
563 1901 658 1973 not-a,
672 1892 767 1983 quod
781 1913 858 1960 eam
878 1890 1064 1972 credimus
1077 1903 1120 1960 ut
1138 1914 1213 1982 qnae

166 2008 331 2089 maxime,
350 2007 465 2077 colere
488 2007 593 2089 ultro,
615 2014 652 2075 et
676 2029 722 2076 ex
748 2006 865 2075 animo
892 2006 1046 2086 adorare,
1067 2005 1215 2076 Numen

167 2121 361 2192 Providens
395 2146 436 2192 ae
471 2123 683 2216 Benignum.
741 2121 814 2192 Sed
848 2121 1014 2211 quoniam
1048 2144 1121 2190 non
1156 2121 1215 2190 de·

166 2237 321 2319 fuerunt,
352 2240 413 2328 qui
445 2235 638 2331 Virgilium
673 2239 919 2308 existimarent
952 2259 1034 2305 eum
1069 2236 1213 2329 Epicuri

167 2353 301 2424 familia
326 2356 496 2424 sensisse:
524 2357 690 2446 quoniam
717 2355 825 2424 etiam
852 2376 974 2422 eorum
999 2354 1115 2445 gratia
1136 2353 1214 2422 reli-

168 2470 308 2560 quimus
342 2471 458 2540 adhue
491 2471 602 2540 ferme
636 2472 806 2540 intactam
838 2475 975 2560 partem
1009 2467 1109 2537 illam
1140 2471 1214 2560 ejus

168 2587 376 2668 carminum,
402 2610 471 2677 qua
496 2587 525 2655 is
551 2585 697 2654 meliore
723 2583 942 2677 philosophia
974 2585 1149 2676 significat
1176 2609 1213 2655 se

168 2702 300 2770 imbui:
328 2710 487 2792 superest
505 2711 545 2770 ut
557 2703 656 2792 justa
673 2698 911 2791 disputatione
926 2721 1121 2788 quaeramus
1139 2701 1213 2792 ejus

167 2818 385 2909 magistrum,
407 2817 561 2885 fueritne
587 2819 615 2885 is
640 2817 812 2908 Epicurus
838 2838 883 2883 an
911 2814 1025 2883 Plato.
1082 2816 1215 2909 Magna

167 2933 310 3023 quidem
336 2939 373 2999 et
400 2933 515 3024 gravis
541 2933 608 3001 erit
632 2933 789 3024 quaestio,
816 2932 876 3000 sed
905 2953 1138 3022 nequaquam,
1162 2933 1213 3002 uti

168 3069 279 3138 spero,
294 3045 453 3116 difficilis.
