2768 4876
166 318 315 361 ranan.
372 297 490 360 similia
504 297 595 360 etium
609 296 643 358 iu
658 305 780 379 utroque
790 317 894 380 penore
908 296 1046 359 emedio.
1146 298 1211 362 alt

166 469 391 538 condemnari
421 469 531 537 nostis
559 469 758 558 turpissima
786 468 941 534 omnium
971 476 1066 534 nota.
1106 465 1212 534 Ύπο-

166 583 275 678 κριταὶ
305 582 471 652 videlieet
496 581 727 673 appellantur,
754 581 923 650 translato
947 581 991 648 de
1016 604 1120 649 scena
1150 604 1212 649 uo-

164 700 283 767 mine:
310 720 355 766 ex
382 720 451 787 quo
478 696 655 788 intelligas
681 695 774 774 lieet,
802 705 842 764 ut
868 697 964 765 hisee
991 697 1139 776 virtutis,
1161 698 1212 766 ita

166 813 295 881 nostris
317 811 518 880 hominibus
537 809 689 879 Poeseos
707 809 868 878 umbram
893 809 1002 878 solam
1025 812 1156 893 adesse,
1174 834 1212 884 re

166 926 243 1017 ipsa
260 927 503 996 remotissima.

215 1039 299 1111 Jam
325 1039 384 1109 ubi
411 1040 576 1109 vitiorum
604 1048 703 1108 tanta
728 1049 782 1109 est
805 1039 996 1119 consensio,
1023 1039 1073 1107 ibi
1091 1039 1212 1107 viden-

163 1157 263 1238 dum,
281 1179 326 1226 au
348 1157 504 1226 remedia
524 1156 632 1228 etiam
654 1156 725 1224 sint
750 1154 867 1246 aliqua
884 1177 928 1222 ex
947 1163 1047 1244 parte
1073 1155 1210 1224 similia.

166 1272 247 1355 Quo
270 1273 306 1340 in
333 1271 411 1341 loeo
432 1271 520 1340 illud
545 1271 785 1362 praeoipuum3
812 1271 944 1340 Cavete
962 1271 1094 1360 putetis
1112 1270 1213 1361 quid-

165 1411 273 1478 quam
300 1388 358 1480 agi
384 1387 585 1457 laudatione
603 1386 686 1468 sola,
704 1409 742 1455 re
760 1397 797 1456 et
814 1387 952 1456 aetione
972 1387 1209 1476 praetermissa.

167 1501 298 1593 Neque
328 1504 422 1572 enim
453 1512 550 1572 vates
575 1525 731 1592 unquam
763 1503 830 1570 erit
861 1503 1030 1592 egregius,
1053 1501 1112 1590 qui
1140 1523 1210 1569 non

165 1618 304 1688 assidue
338 1620 534 1688 versabitur
563 1619 600 1686 in
631 1618 728 1690 omni
758 1618 824 1687 hae
855 1616 932 1687 oaeli
967 1639 1008 1697 ae
1039 1625 1210 1684 terrarum

164 1731 438 1824 pulchritudine,
456 1754 498 1801 ea
518 1741 649 1813 mente,
668 1740 708 1799 ut
726 1733 844 1799 omnia
861 1741 898 1799 et
916 1730 1053 1822 singula
1070 1730 1113 1798 ad
1132 1752 1210 1798 eam

165 1857 301 1939 partem
319 1856 515 1929 convertat,
533 1871 602 1938 quo
626 1847 751 1916 tendat
776 1829 850 1938 ipse
874 1868 1012 1936 semper
1037 1868 1155 1914 amore
1173 1855 1210 1932 et

165 1961 302 2031 studio:
325 1984 440 2052 neque
464 1963 499 2030 in
526 1962 659 2052 pietate
683 1969 720 2031 et
745 1961 931 2031 sanctitate
957 1960 1125 2051 proficiet,
1150 1960 1209 2050 qui

164 2077 240 2168 pios
258 2099 319 2146 seu
337 2076 445 2146 libros
462 2079 534 2146 sive
552 2077 712 2146 homines
730 2084 961 2167 prosequetur
978 2076 1210 2145 admiratione

164 2194 316 2284 quadam
334 2194 470 2286 ignava,
488 2193 616 2262 imitari
643 2172 811 2284 negliget.
862 2191 1003 2260 Deinde
1020 2191 1056 2259 iu
1074 2215 1116 2260 ea
1133 2215 1211 2281 pro-

163 2308 288 2386 vincia,
301 2332 406 2399 quam
424 2331 495 2378 uon
512 2309 623 2377 iuvita
643 2306 805 2376 Minerva
826 2306 935 2376 semel
952 2306 1018 2376 sibi
1037 2307 1208 2398 delegerit

162 2423 491 2514 aliquis‚fortisvolo
502 2423 548 2492 sit
559 2432 666 2514 atque
677 2433 854 2502 coustans3
874 2444 963 2491 neve
973 2422 1043 2490 buo
1055 2421 1139 2490 illuo
1152 2444 1211 2488 vo-

162 2537 298 2608 litando
309 2539 398 2607 vires
412 2538 543 2631 ingenii
557 2538 757 2630 profundat,
769 2538 911 2606 amittat
923 2537 1092 2620 fruetum3
1110 2559 1209 2618 neve,
1313 2588 1315 2594 ·

162 2656 257 2746 quod
283 2654 489 2735 maximum,
507 2655 653 2746 impuris
671 2677 767 2745 pura,
786 2653 844 2744 pia
861 2653 1003 2721 nefariis
1021 2653 1209 2722 maculato.

164 2769 333 2840 Viderint
357 2770 425 2839 hoe
451 2769 528 2851 sibi,
546 2771 605 2861 qui
625 2770 679 2839 vel
706 2771 741 2838 in
767 2769 839 2837 vita
860 2769 923 2837 viri
950 2769 1134 2859 sapientes,
1153 2770 1210 2838 vel
1294 2765 1296 2768 ’

163 2886 200 2955 iu
217 2886 354 2976 seriptis
373 2886 520 2954 evadere
536 2885 645 2955 velint
659 2885 779 2954 eximii
795 2884 927 2954 Poetae.
969 2881 1027 2952 Ad
1043 2895 1210 2974 utrosque

165 3001 295 3091 pariter
320 3001 520 3096 pertinebit,
539 3002 630 3092 quod
659 2999 797 3079 dieitur,
817 2998 924 3068 “Hoc
947 3022 1012 3090 age
1024 3000 1052 3068 :'’
1078 3001 1123 3068 sit
1148 2999 1211 3067 ali-

165 3118 249 3207 quid
275 3139 386 3185 unum
412 3125 518 3207 atque
545 3116 706 3208 simplex,
724 3116 818 3205 quod
845 3116 879 3184 in
908 3115 1018 3184 oculis
1044 3124 1151 3206 atque
1174 3117 1209 3183 in

163 3233 282 3302 animo
300 3230 396 3300 omni
414 3241 574 3322 tempore
592 3232 753 3300 teneatis.

214 3346 287 3417 Sed
310 3349 346 3416 iu
373 3371 410 3415 re
436 3356 626 3439 pervagata
651 3345 798 3414 fortasse
826 3345 924 3413 nimii
951 3368 1070 3414 sumus
1093 3356 1131 3414 et
1158 3347 1208 3414 iu-

164 3463 248 3554 epti.
296 3461 353 3530 Ao
372 3484 493 3530 vereor
510 3462 673 3553 equidem
691 3483 736 3528 ue
753 3461 789 3528 iu
808 3481 886 3527 earn
904 3460 1209 3550 reprehensionem

164 3579 348 3646 incurrerit
378 3564 534 3646 maximia
568 3599 647 3667 pars
677 3597 914 3664 eorumquae
945 3575 1209 3664 disputavimus.

164 3690 282 3774 Quare
300 3700 340 3760 ut
358 3691 455 3782 operi
476 3693 620 3760 taudem
637 3690 799 3758 universo
823 3688 1003 3780 fastigium
1022 3689 1211 3779 qualecun-

164 3828 233 3897 que
251 3806 439 3895 imponam,
454 3805 558 3874 simul
576 3829 621 3872 ne
638 3825 796 3895 perorem
818 3803 892 3870 sine
912 3803 1010 3870 bonis
1024 3803 1208 3884 ominibus,

164 3921 335 4010 votisque,
354 3920 462 4011 (quod
487 3919 585 3988 illum
609 3928 706 3986 oerte
726 3917 872 3985 minime
890 3918 1047 3984 omnium
1075 3917 1208 3998 deceat,

163 4056 270 4124 quem
290 4057 349 4103 vos
372 4042 409 4102 et
434 4035 618 4126 indignum
644 4040 744 4101 tanto
772 4032 942 4100 beneficio
960 4032 1152 4112 ornavistis,
1172 4042 1209 4100 et

163 4148 280 4216 eidem
295 4149 498 4217 sustinendo
516 4150 685 4238 imparem
702 4147 832 4215 tulistis
849 4149 936 4215 adeo
955 4146 1108 4235 leniter‚)
1120 4146 1208 4214 illud

162 4263 267 4331 unioe
280 4261 560 4333 adolescentibus
576 4263 666 4331 tradi
684 4284 725 4330 ao
739 4262 977 4330 commendari
989 4261 1105 4342 velim,
1117 4261 1208 4329 Tum

653 4380 675 4444 3
695 4393 722 4444 o
