2768 4876
165 326 228 392 772
345 323 526 408 erilinnu
539 323 683 387 Mautnoe
697 332 725 388 et
739 324 857 388 Mincii
872 323 949 389 laus.
972 347 1068 388 aaran
1080 347 1216 389 xxxvru.

167 507 203 566 et
220 497 366 589 grandia
382 495 453 578 illa,
471 497 599 587 quihus
623 519 660 567 se
683 497 786 590 fingit
811 496 930 587 paullo
951 498 1217 589 jactantiorem,

166 612 322 705 Augusti
357 610 524 682 videlicet
564 635 679 694 causa,
715 611 938 703 cohortisque
978 614 1066 705 ejus,
1101 638 1218 685 noune

167 727 378 819 temperavit
422 728 596 819 praecipua
629 727 781 819 quadam
825 728 1008 810 suavitate,
1046 731 1142 820 quod
1183 733 1219 799 in

113 859 120 875 ·
168 843 357 913 Mantuam
400 843 598 936 Minciique
638 845 729 936 ripas
764 867 838 912 rem
880 867 1023 913 omnem
1060 848 1215 918 revocari

167 961 301 1028 curavit
315 957 354 1030 ¹³?
675 961 679 966 ’

309 1097 414 1152 Primus
427 1117 477 1169 ego
488 1100 517 1152 in
528 1100 642 1168 patriam
654 1117 768 1162 mecum,
781 1099 862 1154 modo
875 1100 928 1154 rita
941 1101 1071 1170 supersit,

307 1182 395 1238 Aonio
408 1184 511 1238 rediens
524 1183 656 1238 deducam
668 1186 765 1239 vertice
779 1186 888 1239 Musas:

308 1269 414 1323 Primus
428 1269 562 1325 Idumaeas
575 1270 687 1324 referam
698 1271 757 1334 tibi,
768 1271 891 1335 Mantua,
904 1273 1024 1341 palmas3

308 1354 343 1408 Et
355 1356 434 1409 viridi
446 1356 474 1410 in
487 1374 582 1426 campo
594 1358 724 1426 templum
737 1355 770 1409 de
783 1369 913 1410 marmore
926 1375 1028 1426 ponam

308 1440 420 1510 Propter
431 1459 536 1512 aquam,
548 1441 632 1495 tardis
644 1442 740 1510 ingens
752 1441 800 1496 uhi
812 1442 925 1496 flexibus
937 1454 1007 1497 errat

309 1527 436 1591 Mincius,
449 1536 475 1580 et
487 1537 577 1581 tenera
588 1528 710 1597 praetexit
722 1527 852 1582 arundine
865 1529 943 1598 ripas.

168 1641 272 1711 Locis
289 1641 507 1734 appellandis
525 1643 629 1713 dulce
651 1643 804 1712 reddidit
822 1666 973 1725 carmen,
992 1643 1125 1735 alioqui
1144 1644 1218 1736 pul-

167 1780 264 1825 crum
284 1759 389 1841 modo
407 1767 514 1849 atque
532 1759 766 1850 splendidum.

217 1872 324 1957 Quid,
350 1874 444 1965 quod
469 1875 561 1965 ipsas
591 1874 700 1965 Elysii
727 1897 768 1943 ac
796 1874 1073 1944 Fortunatorum
1099 1899 1217 1945 nemo-

167 2012 246 2057 rum
280 1989 401 2060 laudes
423 1991 564 2082 jejunas
592 1991 666 2059 lore
694 1991 835 2081 putavit
858 1999 895 2059 et
921 1991 1157 2082 imperfectas,
1183 1994 1217 2060 ni

170 2103 275 2172 choro
293 2105 477 2174 beatorum
499 2106 577 2175 istic
596 2105 803 2198 degentium
821 2106 993 2174 tribueret
1014 2129 1085 2175 non
1105 2106 1217 2175 dicam

168 2222 257 2289 ruris
281 2224 341 2291 sed
364 2231 401 2290 et
418 2222 587 2314 Cisalpini
611 2223 701 2291 ruris
725 2221 892 2291 delicias?
921 2220 1051 2311 Neque
1069 2223 1166 2292 enim
1182 2222 1216 2290 id

169 2348 307 2407 tantum
333 2340 466 2421 docuit,
484 2348 645 2409 constare
667 2361 789 2407 eorum
814 2337 1034 2418 felicitatem,
1052 2359 1216 2430 maguam

168 2465 317 2545 partem,
345 2477 389 2522 err
417 2453 477 2523 illa
503 2454 669 2522 libertate
695 2451 951 2533 rusticantium,
981 2475 1051 2542 qua
1081 2451 1217 2521 soleant

169 2593 283 2639 errare
301 2594 370 2661 quo
391 2569 501 2638 velint
526 2592 590 2660 per
611 2592 748 2637 anroena
767 2592 807 2637 ac
825 2568 949 2636 viridia
975 2567 1053 2637 loca
1066 2592 1219 2648 :-nam,

169 2697 209 2756 ut
227 2689 275 2755 ait
294 2686 365 2772 ille,
384 2688 427 2754 de
446 2684 604 2754 Anchisa
622 2688 893 2776 interrogatum,

310 2823 384 2875 Nulli
397 2831 467 2875 certa
480 2822 594 2885 domns;
613 2821 680 2875 lucis
694 2821 845 2874 habitamus
857 2821 956 2889 opacis,

309 2910 489 2981 Riparumque
499 2919 571 2962 toros
584 2918 609 2960 et
622 2916 696 2976 prata
709 2908 823 2960 recentia
835 2907 897 2960 rivis

309 2998 455 3050 Incolimus
467 3018 546 3049 :—

169 3136 290 3180 vorum
319 3112 426 3179 etiam
451 3112 487 3178 iu
515 3111 659 3178 intimos
689 3109 896 3178 sacrosancti
924 3108 1034 3201 Elysii
1062 3133 1217 3180 recessus

169 3230 320 3319 patrium
352 3250 392 3295 ac
416 3226 623 3294 familiarem
650 3224 797 3293 fluvium
823 3225 970 3292 minime
1000 3227 1137 3295 veritus
1164 3237 1215 3295 est

169 3344 354 3413 deducere.
421 3342 646 3432 Conspicitur·
676 3363 803 3430 nempe
834 3339 1034 3408 veneranda
1068 3341 1215 3410 heroum

168 3483 291 3527 manus
304 3455 330 3539 (Ι,

564 3593 655 3646 dextra
666 3595 786 3663 laevaque
799 3611 844 3661 per
857 3592 967 3644 herbam

308 3682 461 3743 Vescentes,
474 3683 618 3750 laetumque
632 3680 712 3733 choro
722 3697 814 3748 paeana
827 3686 962 3739 canentes

309 3768 382 3821 luter
394 3767 534 3820 odoratum
547 3767 614 3819 lauri
626 3785 730 3827 nemus,
743 3765 815 3818 unde
828 3781 941 3834 superne

309 3855 443 3906 Plurimus
456 3852 571 3905 Eridani
582 3871 629 3921 per
641 3853 734 3905 silvam
748 3852 861 3904 volvitur
874 3851 968 3903 amnis.

168 3969 382 4040 Fabulosum
423 3969 529 4036 modo
565 3969 734 4058 quaerenti
770 3967 913 4046 flumen,
948 3977 1080 4056 praesto
1117 3976 1212 4037 erant

168 4087 370 4166 Rhodanus,
397 4084 521 4176 Tagus,
540 4084 729 4165 Arethusa,
756 4085 841 4152 etsi
869 4105 955 4174 quos
981 4083 1069 4152 alios
1096 4105 1212 4152 amnes

274 4346 284 4376 ¹²
300 4347 392 4412 Georp.
406 4363 431 4413 3.
449 4362 488 4398 10.
615 4346 706 4396 cAEn.
721 4344 745 4395 6.
761 4357 803 4413 73.
930 4343 1024 4394 dlbr'd.
1039 4343 1100 4407 656.
