2768 4876
169 352 262 395 rann.
275 353 368 394 xxix.
408 331 630 409 Andromacho,
644 332 792 414 specimen
805 332 894 411 ἤθους
907 333 1087 418 Euripidei.
1153 338 1218 405 593

169 504 240 575 ullo
258 514 420 598 tempore
437 505 649 599 Tragoedum
671 507 814 598 propius
835 509 1022 578 accessisse
1039 509 1084 578 ad
1101 509 1217 578 fontes

169 619 412 714 lacrymarum,
434 645 543 714 quam
570 624 631 713 qui
662 621 861 706 Hecubam,
891 647 996 715 quarn
1024 624 1088 716 qui
1120 623 1218 716 lphi-

168 738 320 830 geniam‚
336 761 446 831 quam
462 740 523 829 qui
548 738 788 809 dulcissimam
810 739 907 810 illam
926 739 1148 811 Alcestidem
1166 741 1218 811 ef-

169 851 345 923 formavit.
398 851 570 946 Magnam
593 865 715 923 autem
736 863 873 945 partem
898 856 935 924 id
962 856 1035 925 lieri
1060 856 1216 926 credide-

168 966 234 1036 rim
260 968 393 1039 oximia
419 970 483 1039 viri
509 970 743 1052 humanitate,
760 969 848 1039 nihil
868 993 892 1040 a
912 993 950 1040 se
971 971 1126 1041 alienum
1153 994 1217 1062 pu-

167 1082 289 1164 tantis,

272 1218 413 1291 Quicquid
424 1229 509 1291 agunt
519 1221 652 1286 homiues,
665 1230 768 1287 votum,
780 1223 869 1287 timor,
880 1224 929 1286 ira,
942 1224 1074 1293 voluptas,

273 1304 390 1371 Gaudia,
403 1306 550 1362 discursus.

169 1425 288 1507 Immo
314 1450 396 1497 vem
427 1427 595 1498 libentius
621 1429 733 1498 ferme
763 1438 922 1500 versatur
948 1431 985 1500 ia
1016 1430 1217 1500 domesticis

168 1543 283 1625 rebus,
300 1567 409 1636 quam
433 1545 471 1613 in
496 1545 666 1615 heroicis:
692 1568 763 1614 non
781 1547 908 1636 quaerit
930 1545 1080 1627 excelsa,
1101 1568 1217 1636 neque

169 1657 362 1748 profunda:
389 1669 547 1730 moratur
567 1659 662 1730 ultro
682 1661 719 1756 iu
741 1662 797 1730 via
819 1662 911 1731 bene
934 1663 1029 1743 trita,
1047 1669 1155 1752 atque
1179 1661 1217 1730 iu

166 1771 289 1863 spatiis
306 1771 391 1843 vitae
412 1775 668 1844 communibus.
714 1774 884 1846 Crederes
908 1776 1012 1868 plane
1036 1777 1073 1846 id
1098 1797 1215 1867 agere,

167 1895 208 1956 ut
223 1887 320 1957 inter
333 1885 519 1958 Musarum
535 1891 668 1960 amicos
684 1892 785 1982 quasi
801 1891 946 1982 quidam
964 1889 1127 1961 Socrates
1143 1890 1216 1971 liat,

166 2001 384 2073 deducturus
409 2006 534 2096 utique
556 2005 695 2088 Poesin‚
719 2014 761 2076 ut
788 2006 850 2076 ille
874 2006 1147 2097 Philosophiam,
1172 2007 1217 2075 de

166 2115 254 2186 coelo
268 2125 310 2187 et
326 2119 481 2189 nubibus
498 2121 535 2189 in
551 2121 793 2211 quotidianam
811 2120 902 2190 hauc
920 2121 1042 2190 vitam.

213 2231 329 2323 Cujus
357 2235 408 2304 rei
438 2235 624 2307 mirificum
652 2258 737 2306 sane
760 2236 1016 2306 documentum
1045 2234 1216 2306 hahemus

165 2346 243 2437 ejus
257 2345 545 2420 Andromachen.
597 2349 792 2420 Nominato
814 2350 924 2420 semel
944 2350 1038 2419 illius
1059 2350 1215 2420 mulieris

166 2463 319 2545 nomine,
331 2464 452 2555 ecquis
469 2467 628 2534 omnium
645 2489 717 2536 non
731 2474 937 2558 auguretur,
951 2465 1026 2534 fore
1038 2465 1214 2557 quendam

160 2576 265 2669 quasi
282 2578 461 2650 turbinem
483 2581 697 2650 acerbissimi
713 2580 872 2662 affectus,
889 2580 1027 2650 misceri
1045 2581 1214 2671 quodam-

165 2692 273 2762 modo
287 2693 416 2763 debere
432 2694 558 2764 caelum
573 2703 613 2765 et
630 2694 764 2766 terrast
788 2718 869 2765 cum
887 2696 1034 2787 prodeat
1049 2693 1215 2765 Hectoris

166 2805 429 2892 Andromache,
461 2809 585 2903 Pyrrhi
618 2811 874 2881 connubiorum
908 2812 1057 2903 patiens,
1092 2811 1216 2881 orbata

163 2921 239 2992 lilio
266 2946 374 3015 quem
402 2924 449 2994 ab
479 2923 638 2994 Hectore
668 2934 879 3018 susceperat,
910 2928 1024 3018 patria
1054 2926 1213 3008 extorris,

163 3042 305 3114 ancillae
331 3042 409 3113 loco
434 3041 566 3113 habita.
617 3042 723 3126 Quod
749 3051 872 3113 contra
894 3043 992 3114 nulla
1011 3066 1049 3112 re
1072 3043 1213 3136 penitus

163 3158 209 3228 ad
228 3159 349 3227 vivum
371 3181 415 3228 ea
431 3158 530 3250 tangi
549 3157 697 3239 videtur,
713 3167 945 3249 praeterquam
964 3181 1007 3226 eo
1024 3165 1134 3239 metm
1151 3159 1213 3248 qui

165 3294 276 3363 prope
295 3271 372 3362 jam
394 3272 518 3341 aderat
538 3271 584 3341 ab
602 3270 799 3343 Hermione
824 3273 900 3363 ejus
923 3272 1065 3344 aemula.
1117 3271 1213 3343 Prae-

164 3387 350 3457 teritorum
372 3409 490 3456 rerum
517 3386 568 3455 ita
593 3409 664 3455 uon
686 3386 914 3469 obliviscitur,
932 3397 974 3458 ut
992 3388 1104 3458 semel
1128 3413 1211 3459 con-

163 3510 269 3595 cepto
284 3500 385 3594 quasi
403 3502 558 3572 carmine
573 3501 704 3572 defleat
715 3512 788 3585 ¹¹,-

338 3660 410 3734 ¹Dtiqr
422 3661 525 3734 airrrrrqi
538 3663 621 3732 Πάρις
632 3663 663 3716 od
674 3663 764 3734 γάμον,
778 3663 847 3717 ἄλλά
859 3663 904 3717 τιν’
917 3662 980 3718 ὅταν

374 3749 478 3822 ἠγάγετ’
490 3751 591 3806 εὐναίαν
604 3751 630 3807 ἐς
641 3752 771 3821 θαλάμους
782 3751 935 3807 Ἑλέναν·-

165 3895 292 3966 deinde
318 3903 395 3966 tota
420 3897 466 3966 sit
493 3898 530 3965 in
556 3897 801 3989 praesentibus.
853 3894 977 3988 Atque
998 3922 1045 3968 ea
1065 3899 1207 3989 quidem

165 4011 213 4082 sic
230 4014 448 4104 deprecatur,
461 4020 502 4082 ut
520 4035 591 4086 uua
601 4014 736 4103 quaevis
754 4013 798 4081 de
816 4013 891 4082 foro
908 4023 1023 4083 mater
1038 4013 1208 4085 familias:

166 4127 333 4219 reginam,
360 4125 587 4208 Hectoream,
614 4126 746 4197 Priami
771 4149 911 4209 nurum,
932 4128 992 4196 vix
1018 4135 1056 4197 et
1081 4149 1126 4195 ne
1149 4128 1209 4198 vix
