2768 4876
166 328 322 371 ruanxa.
443 317 509 371 uste
516 308 689 392 presertim
704 309 737 370 S.
748 307 930 392 Amerino.
1146 307 1211 372 803

166 484 284 544 tutum
303 486 368 557 est,
387 486 427 545 ut
444 477 489 545 ab
502 474 659 544 Homero
672 482 779 564 atque
794 472 945 564 Virgilio
962 471 1067 541 lectio
1080 473 1212 563 incipe-

167 603 241 675 ret;
261 615 461 683 quanquam
480 594 524 661 ad
542 591 787 683 intelligendas
805 610 926 656 eorum
938 589 1086 656 virtutes
1103 587 1212 656 firmi·

166 727 226 773 ore
248 705 384 795 judicio
411 728 498 796 opus
522 705 643 774 esset.'’
696 703 784 774 Haec
809 703 879 786 ille,
903 714 1000 773 ortus
1028 701 1209 793 Hispania,

167 820 291 889 Romae
309 843 425 913 agens,
441 830 620 913 regnante,
634 831 674 889 ut
693 821 842 900 videtur,
862 818 1079 888 Domitiano.
1123 816 1209 886 Suc-

167 936 271 1005 cedat
284 935 374 1005 alter
386 937 431 1006 ab
444 935 567 1005 Africa
583 938 695 1020 testis,
707 936 741 1005 di
747 958 844 1005 verso
861 934 965 1027 longe
979 943 1016 1003 et
1029 933 1160 1003 saeculo
1174 941 1210 1002 et

166 1052 359 1144 disciplina,
375 1053 507 1122 Beatus
521 1051 763 1144 Augustinus:
787 1052 847 1142 qui
864 1058 985 1119 tamen
1002 1050 1096 1118 idem
1115 1073 1211 1140 pror-

166 1191 224 1237 sus
251 1169 356 1237 docet
382 1169 426 1236 de
453 1168 616 1258 primitiis
643 1167 785 1258 puerilis
811 1165 981 1235 doctrinae
1007 1162 1164 1256 legendis
1190 1188 1211 1234 e

167 1283 366 1376 Virgiliano
380 1282 570 1352 volumine.
608 1283 702 1351 Nam
720 1304 741 1350 a
758 1280 996 1371 compluribus
1014 1279 1089 1370 ejus
1106 1279 1212 1370 scrip-

167 1398 222 1479 tis,
241 1400 396 1467 maxime
418 1409 536 1468 autem
565 1421 585 1466 e
611 1397 883 1477 commentariis,
898 1418 974 1486 quae
993 1396 1037 1463 de
1055 1395 1126 1464 vita
1149 1417 1211 1466 sua

166 1515 288 1596 edidit,
308 1513 499 1606 Virgilium
524 1514 686 1582 novimus
711 1512 772 1580 illo
790 1534 930 1602 quoque
953 1511 1031 1580 loco
1054 1534 1094 1580 ac
1120 1521 1210 1580 tem·

165 1653 250 1721 pore
273 1631 323 1699 ita
345 1631 450 1698 fuisse
474 1631 590 1721 pueris
611 1627 811 1698 erudiendis
836 1627 1044 1705 adhibitum,
1065 1638 1104 1695 ut
1123 1629 1212 1696 inse-

165 1745 257 1813 derit
285 1745 360 1836 ejus
386 1745 528 1834 quidam
557 1766 659 1834 sapor
686 1744 721 1811 in
749 1743 832 1834 ipsis
859 1743 956 1833 quasi
984 1741 1148 1811 medullis
1174 1752 1211 1809 et

165 1863 291 1929 intimo
311 1870 454 1951 pectore
471 1860 640 1952 ingeniosi
656 1860 825 1950 cujusque
842 1858 1083 1928 adolescentis.
1120 1855 1212 1924 Nar-

165 1987 219 2044 rat
243 1976 409 2045 videlicet
432 1975 654 2067 Augustinus
664 1971 693 2056 b,
716 1976 782 2044 sibi
809 1997 918 2065 puero
945 1974 1116 2065 placuisse
1142 1995 1211 2062 prae

165 2092 301 2159 caeteris
330 2091 447 2181 pensis
468 2089 702 2182 Virgilianam
733 2091 777 2158 de
804 2089 916 2158 AEnea
951 2088 1208 2157 narrationem:

165 2215 272 2296 atque
298 2206 348 2274 ita
374 2215 501 2287 narrat,
520 2216 561 2273 ut
587 2203 692 2275 facile
717 2205 905 2296 intelligas,
928 2205 1068 2296 penitus
1093 2202 1211 2273 animo

165 2344 228 2390 suo
254 2320 358 2413 defigi
387 2344 455 2388 nou
488 2322 669 2390 insuavem
700 2322 776 2412 ejus
806 2321 966 2390 lectionis
994 2319 1237 2417 memoriam&

165 2448 241 2505 tum
257 2438 377 2516 etiam,
390 2460 470 2504 cum
487 2439 642 2506 maxime
660 2437 791 2528 pudeat
809 2437 998 2528 pigeatque
1016 2434 1110 2504 illius
1123 2444 1213 2503 tem-

165 2554 257 2643 poris
282 2553 505 2642 ineptiarum.
560 2550 734 2620 Praeterea
757 2574 839 2620 cum
866 2549 1101 2619 delectatione
1128 2572 1214 2641 qua-

164 2667 244 2736 dam
273 2666 363 2735 solet
386 2666 543 2736 excitare
565 2668 663 2757 quasi
690 2676 799 2736 testes
817 2666 959 2758 Virgilii
979 2687 1107 2747 versuS,
1126 2687 1213 2756 quo-

164 2783 232 2850 ties
249 2781 309 2850 ille
323 2781 379 2850 vel
397 2781 538 2874 ignarus
552 2782 730 2851 vaticinari
744 2782 884 2850 videtur
896 2801 1038 2849 auream
1054 2789 1212 2873 gentem,

163 2919 366 2988 novumque
393 2896 603 2967 saeculorum
631 2897 800 2965 ordinem.
853 2896 969 2964 immo
994 2896 1146 2986 quodam
1175 2897 1211 2964 in

164 3013 242 3082 loco
272 3012 393 3082 laudat
420 3011 567 3081 Poetam
594 3010 816 3104 Augustinus
826 3021 851 3094 ⁰,
878 3010 992 3102 palam
1022 3018 1060 3080 et
1090 3022 1212 3102 aperte

163 3129 342 3198 dicentem
351 3126 376 3209 ¹¹,
388 3127 576 3197 “Peritura
592 3128 729 3218 regna,”
740 3129 785 3197 de
799 3129 903 3197 rebus
915 3126 1093 3208 Romanis,
1105 3127 1212 3218 idque

163 3267 209 3312 ex
228 3265 292 3312 sua
309 3243 416 3334 ipsius
437 3265 605 3332 persona3
632 3243 691 3333 qui
716 3265 797 3311 cum
823 3241 1043 3334 praedicanda
1060 3251 1136 3311 erat
1158 3265 1213 3310 ar-

162 3357 416 3449 rogantissimae
442 3357 537 3425 urbis
560 3356 752 3439 aetemitas,
770 3379 839 3426 non
865 3358 940 3447 ipse
965 3355 1104 3425 locutus
1125 3364 1211 3437 erat,

162 3471 224 3538 sed
242 3471 264 3538 ,J
269 3494 370 3540 ovem
390 3470 560 3562 Lapidem
580 3472 769 3541 induxerat
787 3472 1035 3564 loquentem‘:

306 3599 357 3653 His
369 3615 419 3670 ego
431 3617 480 3652 nec
493 3607 576 3653 metas
588 3617 677 3653 rerum
689 3617 738 3653 nec
750 3609 870 3669 tempora
881 3616 961 3669 pono,

306 3685 450 3756 imperium
463 3686 519 3739 sine
533 3686 584 3740 fine
597 3685 666 3739 dedi.

164 3807 287 3877 Laetus
314 3808 508 3900 lubensque
526 3808 562 3876 in
580 3831 622 3878 eo
641 3819 887 3889 commoratur,
906 3807 1019 3898 siquid
1041 3830 1062 3876 a
1079 3807 1209 3878 dilecto

162 3924 332 4013 scriptore
358 3924 540 4001 exciderit.
560 3923 652 4014 quod
680 3924 839 4015 proprius
859 3924 1019 3992 videatur
1043 3923 1165 3992 abesse
1189 3948 1210 3994 a

162 4054 282 4106 nostra
299 4039 529 4130 philosophia.

197 4214 211 4251 b
227 4213 302 4282 Coos.
316 4215 333 4267 i.
349 4231 461 4269 20-22.
578 4218 685 4272 cserm.
702 4219 760 4288 136.
777 4235 818 4272 10.
831 4229 850 4273 t.
864 4237 889 4272 v.
903 4219 964 4288 380.
978 4219 1114 4288 Antwerp.
1132 4231 1207 4288 1700.

161 4303 175 4341 ‘¹
191 4303 285 4371 Georp.
300 4319 323 4356 2.
338 4304 398 4374 498.
506 4305 598 4358 ⁹AEa.
614 4323 636 4358 r.
651 4307 711 4374 278.

638 4400 740 4462 31³2
