2768 4876
187 288 251 350 424
345 287 599 370 Apadndsioinae
612 288 828 354 misericordia
841 290 994 375 qracimcu.
1039 312 1135 356 enan.
1152 314 1232 356 xxrr.

185 452 339 526 Habetis
355 463 519 526 accurate
542 479 743 548 expressam
766 457 957 550 imaginem
982 457 1166 551 gravitatis
1191 457 1234 531 il·

184 567 252 640 lius
269 571 456 664 plusquam
472 572 648 652 censoriae,
664 594 735 661 qua
753 571 962 665 plerumque
978 573 1163 668 excipiunt
1179 596 1234 644 se·

182 686 336 756 veriores
352 686 514 756 homines
532 686 641 755 veniae
657 695 823 778 patronos
840 697 878 756 et
898 686 1138 780 indulgentiae.

233 797 294 868 Ad
318 823 504 895 summam,
522 798 645 871 Furias
665 800 771 872 hasce
794 824 866 870 non
891 802 985 870 male
1006 801 1154 871 forsitan
1179 803 1233 872 in-

181 904 420 1004 terpretemur
442 937 488 984 ex
513 937 557 984 ea
581 923 681 1007 parte
707 916 917 985 adumbrare
943 915 1103 985 Deorum
1123 917 1231 1007 justi·

181 1025 279 1108 tiam,
297 1036 472 1118 quatenus
490 1028 656 1098 videlicet
676 1052 719 1099 ea
741 1051 779 1099 se
801 1030 950 1121 probare
970 1028 1084 1100 soleat
1103 1029 1232 1100 leviter

181 1162 222 1211 uc
248 1142 398 1211 strictim
423 1140 654 1226 intuentibus,
674 1143 771 1236 vulgi
797 1166 907 1214 more.
959 1145 1127 1214 Sentiunt
1144 1167 1232 1235 quo·

181 1254 370 1325 dammodo
387 1257 561 1327 mundum
580 1279 622 1327 ea
638 1257 718 1350 lege
735 1257 933 1350 gubernari,
949 1268 992 1326 ut
1007 1257 1110 1327 bonis
1126 1257 1230 1340 bene,

180 1368 284 1438 malis
301 1370 429 1461 saepius
455 1370 502 1440 sit
524 1370 637 1441 male:
664 1371 785 1464 itaque
810 1393 882 1440 non
908 1371 1011 1443 facile
1038 1371 1167 1453 ferunt,
1186 1371 1232 1441 si-

175 1484 263 1561 cubi
281 1484 336 1555 vel
356 1485 448 1555 forte
465 1485 522 1555 vel
546 1485 692 1555 consilio
713 1508 769 1556 res
793 1507 831 1556 se
856 1485 961 1556 aliter
979 1486 1111 1556 habere
1133 1486 1231 1555 vide·

180 1607 271 1668 atur.
322 1600 372 1671 Iis
393 1601 580 1694 indignum
597 1609 653 1671 est
669 1600 815 1686 facinus,
832 1601 1068 1692 poenitentem
1092 1601 1228 1671 innoxii

180 1712 258 1784 loco
277 1715 362 1785 fore.
1119 1712 1120 1715 ¹

229 1829 398 1900 Diximus
422 1832 466 1901 de
489 1830 532 1900 iis
553 1851 701 1921 quarum
724 1852 770 1900 ex
796 1831 974 1900 sententia
998 1837 1228 1921 provocatura

180 1964 275 2014 nunc
291 1946 336 2014 ad
354 1954 535 2016 auctorem
553 1946 776 2036 provocandi,
794 1944 1013 2038 Apollinem,
1034 1945 1228 2015 veniamus.

181 2058 270 2141 Quis
296 2083 366 2128 non
388 2062 497 2144 videt,
515 2062 590 2152 ejus
614 2083 799 2152 personam
818 2061 1032 2130 documento
1058 2081 1135 2129 esse
1157 2082 1229 2129 non

83 2223 86 2226 ·
179 2172 250 2243 levi
277 2175 403 2244 divinae
425 2174 591 2250 ἐπιεικείας
614 2184 651 2245 et
672 2173 943 2270 praecepa-riam
977 2173 1076 2243 Talia
1100 2195 1230 2265 nempe

179 2288 413 2380 perhibebant
439 2290 483 2358 de
508 2288 678 2381 Apolline
704 2297 861 2373 veteres3
890 2311 954 2380 per
980 2310 1063 2358 eum
1091 2287 1231 2379 potissi-

179 2426 280 2475 mum
296 2403 428 2475 habere
443 2405 612 2475 mortales
629 2403 801 2474 familiare
817 2403 960 2494 aliquod
977 2403 1230 2473 commercium

180 2543 262 2590 curn
289 2520 368 2591 Diis
395 2519 607 2602 caelestibus,
636 2541 752 2613 neque
778 2518 888 2589 alium
914 2519 1027 2611 magis
1053 2517 1165 2588 libere
1187 2539 1229 2586 ac

180 2634 333 2705 libenter
350 2636 478 2705 versari
497 2636 694 2705 etiamnum
713 2635 751 2704 in
772 2633 1016 2726 congressibus
1034 2641 1072 2702 et
1090 2631 1229 2702 circulis

179 2750 374 2820 hominum.
427 2750 569 2842 Quippe
589 2773 655 2819 nec
673 2750 820 2820 deerant
837 2748 1071 2818 vetustiorum
1089 2745 1228 2829 fabulae,

180 2866 237 2936 vel
255 2868 300 2937 de
317 2865 467 2936 Admeti
487 2866 653 2958 gregibus
677 2888 740 2957 per
763 2888 846 2934 eum
872 2864 991 2956 pastis,
1008 2862 1066 2932 rel
1083 2863 1129 2932 de
1147 2861 1228 2931 dolo

179 2980 284 3065 malo,
302 3004 372 3074 quo
391 2980 510 3051 Parcis
529 2979 717 3070 aliquando
734 2979 892 3050 illuserat
903 2992 936 3048 ⁸:

392 3126 427 3181 mi
438 3147 479 3181 ror
489 3124 601 3180 παλαίας
612 3125 733 3194 δαιμόνας
744 3122 908 3177 καθιππάσας

392 3211 452 3286 οἴνῳ
463 3210 651 3282 παρηπάτησας
661 3209 771 3279 ἀρχαίας
782 3208 850 3263 θεάς.

182 3330 331 3401 Constat
356 3329 474 3422 igitur,
500 3325 707 3417 Apollinem
733 3344 797 3392 suo
827 3343 926 3391 more
951 3342 1067 3414 agere,
1090 3321 1229 3411 quoties

181 3446 247 3515 hac
265 3444 374 3514 etiam
393 3442 431 3510 in
447 3440 632 3534 Tragoedia
653 3438 733 3530 plus
751 3458 850 3527 aequo
867 3435 984 3505 faveat
1010 3435 1126 3504 noxiis
1144 3457 1231 3525 qoo-

182 3584 251 3654 que
268 3558 479 3630 hominibus.

234 3675 340 3759 Quod
365 3681 487 3744 autem
517 3673 629 3753 aiunt,
653 3690 821 3761 apparere
849 3666 908 3736 hic
938 3665 1088 3756 vestigia
1115 3664 1231 3735 Theo·

183 3790 288 3885 logiae
314 3788 529 3880 antiquioris,
556 3787 751 3878 priscaeque
774 3782 934 3852 Deorum
960 3779 1115 3862 familiae,
1142 3801 1230 3871 quos

183 3907 277 3976 inter
298 3914 335 3976 et
355 3902 563 3995 Apollinem
585 3903 803 3989 caeterosque
828 3898 1076 3966 intercesserat
1098 3893 1231 3963 invidie

184 4045 255 4092 non
273 4021 479 4092 mediocris:
508 4015 728 4087 verissimum
741 4014 777 4081 id
791 4013 944 4105 quidem,
955 4010 1177 4100 vertiturque
1193 4008 1232 4077 in

185 4162 227 4208 eo
238 4137 294 4206 vel
307 4137 481 4228 praecipue
494 4142 572 4202 turn
585 4132 712 4202 harum
722 4128 920 4201 fabularum
934 4135 1013 4197 tum
1024 4122 1230 4195 Promethei

480 4348 483 4352 .
616 4311 627 4339 ³
646 4302 722 4355 Eum.
737 4262 797 4370 73d.
