2768 4876
197 1347 557 1432 PRAELECTIO
586 1351 874 1433 VIGESIMA
905 1353 1106 1434 SEXTA.

127 1955 320 2026 Eupeuduutur
332 1958 454 2027 plurimo
470 1957 540 2027 opud
550 1958 694 2012 Pindarum
706 1959 800 2012 hilario
816 1977 847 2012 uc
864 1961 918 2013 leti
933 1962 1029 2030 inpeaii
1046 1963 1177 2032 oipaifioo-

166 2043 265 2096 tioaes:
294 2045 358 2097 tulio
372 2045 616 2115 praedaque
639 2052 664 2098 et
685 2046 784 2099 Tbebuo
804 2064 874 2110 suos,
896 2054 921 2099 et
942 2066 1037 2102 omnem
1056 2051 1177 2118 pueritie

166 2132 312 2183 mensorium
324 2148 380 2184 oum
391 2133 523 2200 voluptate
529 2139 711 2202 prosequatur.

208 2319 567 2392 ERVAGATUM
602 2331 656 2392 est
691 2322 906 2412 colloquium
938 2323 1102 2403 Zenonis,
1137 2332 1177 2393 ut

230 2437 364 2528 opinor,
396 2437 597 2507 Stoicorum
636 2438 815 2522 antistitis,
843 2462 923 2508 eum
956 2440 1073 2509 neseio
1108 2463 1177 2530 quo

131 2549 371 2643 Philosoph03
407 2555 467 2644 qui
504 2577 585 2623 oum
621 2565 767 2647 negaret
798 2577 874 2624 esse
908 2567 1057 2636 motum,
1092 2555 1178 2646 legi-

128 2688 210 2734 mus
246 2666 430 2737 Zenonem
465 2670 510 2737 de
544 2692 587 2737 ea
614 2672 806 2760 quaestione
841 2694 886 2739 ne
921 2672 1066 2740 verbum
1102 2670 1178 2762 qui-

129 2783 213 2850 dem
240 2783 373 2864 fecisse,
393 2783 499 2851 modo
526 2785 713 2874 porticum,
734 2785 795 2853 ubi
822 2785 914 2853 forte
940 2795 1049 2863 erant,
1068 2785 1176 2854 semel

128 2905 238 2987 atque
264 2899 393 2966 iterum
412 2898 663 2968 deambulasse.
716 2899 843 2991 Itaque
864 2901 1087 2981 ambulando,
1107 2922 1177 2967 non

128 3013 370 3105 disceptando,
389 3015 496 3083 evicit
518 3014 634 3105 plane,
653 3038 728 3084 esse
751 3024 900 3085 motum.
952 3015 1047 3098 Quid
1070 3016 1097 3084 si
1116 3016 1177 3083 do-

128 3151 240 3210 ceam,
260 3130 396 3198 ratione
421 3129 515 3199 haud
532 3129 686 3198 multum
706 3131 853 3211 diversa,
871 3131 944 3200 fieri
963 3132 1119 3222 potuisse
1136 3140 1177 3198 ut

130 3267 220 3313 vena
247 3244 310 3314 illa
339 3245 530 3325 Pindarico,
554 3268 624 3336 qua
654 3253 750 3314 certe
784 3243 882 3313 nulla
916 3268 1070 3336 unquam
1101 3253 1176 3313 erat

128 3360 282 3441 uberior,
313 3368 471 3429 manaret
500 3361 643 3428 omnino
669 3383 691 3428 a
717 3359 808 3428 ludis
839 3369 876 3428 et
905 3360 1110 3452 gymnasio?
1140 3360 1176 3429 id

127 3477 223 3568 quod
255 3477 464 3567 nuperrime,
494 3477 521 3545 si
553 3464 773 3556 meministis,
799 3475 921 3544 multis
954 3476 1176 3566 disputabam

128 3592 361 3685 conjecturis:
388 3614 481 3660 nuno
505 3591 636 3660 cumuli
664 3591 742 3659 loco
769 3592 913 3659 accedat
932 3590 1039 3658 velim
1056 3612 1176 3658 exem-

128 3709 238 3802 plum,
270 3707 525 3777 nobilissimum
555 3706 621 3775 hae
651 3706 833 3784 memoria,
867 3706 1067 3784 Gualterus,
1094 3729 1176 3797 eog-

128 3824 273 3892 nomine
316 3831 352 3891 et
394 3823 508 3913 patria
542 3822 679 3899 Suetus,
715 3843 820 3911 quem
856 3843 994 3910 seraper
1035 3821 1175 3889 honoris

127 3962 233 4008 eausa
260 3940 414 4007 nomino.
467 3937 576 4029 Cujus
594 3936 759 4027 quoniam
787 3934 900 4004 omnis
919 3935 996 4024 jam
1019 3935 1090 4003 vita
1116 3957 1176 4025 pa-

128 4063 183 4120 tet
213 4053 313 4144 quasi
341 4052 469 4130 votiva,
501 4058 540 4118 ut
570 4051 620 4118 ait
654 4047 725 4128 ille,
754 4047 885 4129 tabula,
919 4047 1011 4136 quod
1048 4049 1083 4114 in
1113 4046 1175 4115 illo

128 4190 258 4261 genere
276 4165 501 4245 rarissimum,
516 4187 560 4232 ne
574 4165 688 4232 dicam
707 4163 871 4230 unicum:
898 4184 968 4229 non
986 4162 1086 4252 potui
1105 4185 1174 4229 non

127 4282 249 4353 sedulo
269 4302 433 4372 quaerere,
451 4302 537 4347 num
558 4278 689 4369 aliquid
707 4278 801 4368 apud
820 4299 901 4345 eum
922 4277 1073 4367 reperire
1097 4298 1176 4366 pos-

614 4392 706 4461 ule
