2768 4876
163 320 256 360 rust.
270 319 362 359 xxm.
403 295 643 380 mitipuripossr,
658 317 727 380 quoe
741 295 889 360 audacius
902 307 1016 360 serrant.
1149 295 1213 360 463

379 466 504 535 ἱξόμεσθα
516 466 566 520 σὺν
577 466 681 522 ιιλάδοις

378 551 497 620 άρτάναις
508 551 642 616 θανοῦσαι,

378 638 413 707 μὴ
425 641 553 708 τυχοῦσαι
565 639 630 692 θεῶν
640 637 798 706 Ὀλυμπίων.

168 745 241 816 Sed
266 744 455 815 formulam
481 753 622 813 tantum
649 744 738 814 hanc
765 767 841 815 esse
867 745 1088 829 crediderim,
1111 745 1217 815 vehe-

168 861 335 929 mentiori
360 881 464 950 prece
481 858 610 927 Jovem
635 858 859 950 urgentium
885 857 980 948 quali
1006 867 1216 950 argumento

168 975 262 1066 apud
280 997 395 1044 saeros
409 969 540 1044 etiamk
554 975 740 1065 scriptores
755 997 877 1042 verum
895 973 1082 1065 aliquando
1097 973 1215 1042 Deum

168 1091 302 1159 adeunt
326 1089 527 1180 Prophetae,
549 1088 605 1157 vel
632 1111 695 1157 suo
721 1087 832 1156 exitio
858 1087 1030 1157 redimere
1057 1088 1216 1158 volentes

169 1203 281 1296 plebis
311 1204 472 1282 salutem,
500 1226 579 1272 cum
610 1202 722 1295 gloria
750 1202 851 1270 Illius
881 1203 1214 1293 conjunctissimum.

171 1317 258 1387 Eam
286 1319 460 1387 duntaxat
484 1317 616 1388 babere
642 1319 815 1388 rationem
840 1318 1015 1413 videntur,¹
1034 1341 1110 1408 quae
1128 1317 1218 1408 Sup-

170 1433 277 1524 plices
295 1434 457 1524 proximo
476 1456 637 1502 sermone
654 1429 821 1502 addunt¹.

382 1569 424 1622 καὶ
436 1567 488 1622 τότ’
501 1569 532 1621 οὔ
544 1569 650 1625 δικαίοις

382 1655 444 1711 Ζεὺς
455 1654 568 1721 ἐνέξεται
580 1657 679 1726 λόγοις,

382 1744 428 1794 τόν
439 1744 484 1797 τᾶς
495 1743 560 1805 βόας

382 1827 452 1881 παῖδ’
464 1828 600 1896 ἀτιμάσας,
614 1829 660 1881 τὸν
670 1829 715 1880 οὐ·

382 1915 427 1968 τὸς
437 1912 494 1968 ποτ’
508 1915 610 1968 ἔκτισεν
620 1917 697 1987 γόνῳ,

383 2003 428 2055 νῦν
440 2001 508 2070 ἔχων
518 2002 694 2070 παλίντροπον

383 2085 450 2156 ὄψιν
461 2087 488 2141 ἐν
499 2090 620 2141 λιταῖσιν·

383 2170 485 2242 ὕψοθεν
496 2172 518 2226 δ’

384 2256 412 2310 εὖ
424 2256 498 2311 κλύοι
509 2257 673 2327 καλούμενος.

173 2371 317 2463 Nempe
343 2373 550 2463 significant,
576 2373 613 2442 id
634 2374 728 2463 quod
752 2373 913 2464 Apollini
937 2373 1045 2442 tribui
1069 2374 1219 2442 vidimus

172 2490 264 2580 apud
281 2488 536 2567 Eumenidum,
555 2511 640 2570 esse,
655 2512 735 2580 quae
753 2489 1013 2580 quodammodo
1032 2488 1150 2557 Deum
1168 2490 1219 2581 ip-

173 2625 250 2673 sum
276 2602 485 2694 gubernent,
507 2603 623 2695 leges3
651 2603 817 2673 immotas
837 2604 915 2674 illas
938 2615 1046 2694 atque
1073 2613 1220 2673 aeternas

173 2718 262 2810 aequi
288 2718 443 2808 bonique
468 2719 642 2810 rationes:
669 2718 797 2809 quibus
815 2720 875 2810 qui
892 2717 1020 2788 Jovem
1044 2720 1219 2809 precando

172 2841 311 2926 urgent,
329 2832 354 2900 ii
372 2832 487 2902 verbis
504 2833 646 2923 quidem
666 2833 711 2902 ab
729 2855 771 2902 eo
789 2856 979 2924 provocare
994 2833 1168 2916 videntur,
1182 2857 1220 2903 re

173 2947 249 3039 ipsa
269 2955 348 3016 tum
373 2949 529 3018 maxime
552 2950 597 3017 ad
615 2949 689 3039 ejus
706 2949 814 3018 tidem
832 2947 1062 3040 confugiunt:
1091 2949 1221 3040 quippe

175 3063 273 3153 cujus
296 3085 471 3132 summam
497 3071 534 3132 et
560 3086 760 3158 supremam
779 3062 999 3131 voluntatem
1021 3064 1222 3153 exprimant

175 3173 244 3243 illae
260 3176 345 3266 ipsae
362 3174 469 3267 leges.

225 3289 354 3380 Itaque
379 3291 416 3358 in
437 3288 561 3359 harum
588 3289 795 3382 Supplieum
821 3290 975 3383 negotio,
994 3315 1092 3383 aeque
1118 3315 1159 3362 ac
1185 3294 1221 3361 in

176 3400 404 3485 Prometheo,
429 3401 602 3492 pietatem
633 3425 732 3472 suam
758 3402 945 3495 AEschylus
974 3405 1221 3474 intemeratam

177 3524 213 3586 et
235 3516 380 3585 illaesam
403 3516 565 3586 servavit.
619 3516 749 3608 Neque
767 3518 920 3587 minores
936 3527 1054 3609 partes
1071 3519 1107 3587 N
1110 3520 1221 3588 umini

177 3632 300 3701 tribuit
327 3633 364 3698 iu
390 3654 429 3700 re
459 3633 652 3701 domestica
681 3641 789 3724 atque
818 3634 855 3701 iu
883 3632 1034 3704 fortunis
1063 3634 1223 3704 foemina·

177 3769 266 3830 rum,
285 3769 391 3838 quam
409 3756 492 3815 ante
514 3748 550 3815 in
568 3746 729 3817 civilibus
746 3750 837 3817 euris
855 3749 947 3818 etin
964 3750 1089 3820 studiis
1109 3749 1223 3841 pbilo-

179 3861 366 3953 sophorum
385 3861 569 3931 tribuerat.

226 3974 333 4057 Quod
350 3976 379 4043 si
396 3976 498 4045 nobis
518 3999 589 4045 non
612 3976 795 4045 invidisset
812 3985 1013 4067 temporum
1031 3976 1149 4068 lapsus
1167 4000 1224 4047 ea-

213 4183 321 4238 *aava
331 4202 374 4255 32.
386 4203 416 4239 12
424 4207 433 4248 ;
454 4187 644 4256 Num.14.13;
664 4187 737 4239 Just.
749 4199 773 4256 7.
784 4203 817 4256 93
838 4187 912 4239 Rom.
922 4203 983 4257 9.3.
1066 4187 1223 4259 1δαμη5.

182 4277 197 4299 ¹²
209 4270 269 4325 Vid.
282 4280 353 4334 aute,
366 4290 393 4340 p,
403 4288 465 4340 431.
