2768 4876
177 1460 532 1542 PRAELECTIO
571 1463 902 1544 TRIGESIMA
934 1459 1184 1544 OCTAVA.

609 1769 754 1779 -——..—

164 2007 307 2077 Viryilm,
327 2009 446 2063 hoeretii
467 2010 590 2061 cultorem
609 2015 634 2061 et
649 2010 736 2077 serore
759 2010 892 2078 aqualem,
910 2008 999 2061 debere
1020 2015 1104 2060 tumea
1123 2007 1155 2060 ab
1177 2025 1205 2060 eo

193 2095 321 2164 separari,
334 2103 388 2148 tam
395 2102 505 2165 propter
516 2095 621 2156 solatia,
635 2111 691 2163 qao
698 2095 799 2164 possim
811 2095 890 2162 affert
901 2112 976 2163 oeyrae
989 2095 1048 2147 taio
1059 2094 1205 2147 mortalium

193 2181 261 2244 oitoe,
275 2188 328 2234 tum
344 2188 452 2251 propter
465 2181 569 2233 aomina
581 2182 694 2234 locorum
706 2180 738 2233 ab
751 2199 780 2233 eo
791 2197 890 2251 semper
899 2181 987 2248 sermo
1001 2180 1126 2243 adbibita,
1136 2198 1205 2249 pra·

194 2267 283 2320 sertim
300 2267 351 2320 sibi
369 2268 410 2320 oei
422 2267 602 2335 familiarium
619 2268 660 2320 orl
677 2274 745 2320 certe
761 2269 882 2320 oboram.
918 2267 1058 2320 Adduatar
1070 2284 1158 2336 pauca
1176 2266 1207 2319 de

195 2353 321 2407 mentione
342 2354 454 2406 locorum
478 2370 564 2406 eoram
587 2370 651 2422 qaos
674 2370 802 2422 numquam
825 2354 881 2422 ipse
906 2360 1080 2423 eoaspeaerat,
1100 2353 1208 2406 moeime

195 2441 382 2508 religiosorum.

230 2633 344 2703 ATIS
371 2636 448 2726 jam
480 2658 653 2727 superque
679 2637 872 2718 docuimus,
901 2635 1120 2714 Academici,
1149 2635 1211 2723 (si-

253 2751 396 2841 qnidem
414 2773 528 2819 eures
555 2749 634 2831 fuit,
653 2775 730 2843 quae
754 2752 920 2820 doctrinae
945 2750 1125 2843 indigebat
1145 2748 1209 2818 ali·

162 2867 286 2957 cujus)
313 2865 358 2934 de
384 2867 434 2933 rei
461 2864 630 2934 naturalis
656 2875 693 2935 et
719 2866 867 2958 agrestis
890 2889 1020 2948 amore,
1039 2875 1207 2955 tanquam

161 2982 300 3073 proprio
318 2989 355 3051 et
373 2982 477 3051 unico
502 2980 572 3061 filo,
591 2981 718 3050 deduci
746 3003 846 3073 posse
874 3004 1047 3050 summam
1066 3003 1208 3049 omnem

163 3096 371 3190 Virgilianae
403 3095 564 3177 Poeseos,
597 3104 670 3165 tem
706 3098 742 3165 in
772 3097 933 3179 AEneide‚
964 3120 1070 3187 quum
1100 3097 1137 3164 in
1166 3096 1209 3165 iis

161 3211 383 3292 carminibus,
402 3233 479 3301 quae
498 3233 578 3278 rura
596 3219 633 3280 et
651 3210 764 3302 sylves
781 3233 855 3301 prae
873 3234 910 3279 se
928 3211 1056 3280 ferunt.
1092 3210 1208 3279 Immo

160 3326 261 3397 iilum
289 3347 429 3417 quoque
455 3326 530 3415 ejus
557 3326 689 3418 ingenii
716 3326 883 3407 fructum,
914 3328 975 3416 qui
1007 3325 1209 3417 longissime

162 3440 291 3511 distare
318 3441 505 3510 videbatur
529 3442 573 3510 ab
598 3441 671 3509 otio
698 3442 827 3533 agresti
854 3451 891 3510 et
917 3439 1211 3531 tranquilla-ea

162 3555 241 3625 dico
260 3578 340 3646 quae
364 3563 526 3645 spectant
549 3554 592 3624 ad
614 3553 737 3644 proelia
758 3562 795 3621 et
821 3576 930 3646 reges,
948 3563 1056 3644 etque
1076 3553 1120 3621 ad
1139 3551 1211 3621 Ro·

164 3693 284 3740 manas
306 3671 592 3762 origines,-n0n
616 3668 719 3738 aliam
742 3669 788 3737 ob
812 3693 951 3739 causam
975 3668 1072 3760 tangi
1098 3667 1210 3736 abeo
1281 3706 1283 3710 Α

158 3786 405 3876 judicavimus,
433 3805 539 3876 quem
571 3785 664 3875 qnod
694 3785 799 3853 istum
837 3786 1059 3876 potissimum
1092 3783 1218 3852 locum,

162 3899 330 3990 poscebat
359 3908 481 3990 gratus
507 3897 542 3965 iu
566 3896 741 3967 Caesarem
770 3907 877 3988 atque
907 3899 943 3965 in
975 3897 1211 3966 Maecenatem

162 4013 311 4081 animus.
365 4010 490 4080 Funde
534 4019 682 4092 servate,
730 4011 960 4103 Laribusque,
1003 4011 1090 4080 nibil
1125 4019 1210 4091 erut,

164 4125 260 4216 quod
279 4124 388 4194 tantis
406 4124 562 4216 patronis
579 4126 781 4217 negandum
799 4147 875 4195 esse
894 4127 1081 4195 videretur.

210 4237 296 4307 Alia
333 4238 497 4327 deinceps
533 4237 645 4306 oritur
677 4241 848 4330 quaestio:
888 4263 958 4331 quo
989 4241 1212 4331 potissimum
