2768 4876
134 297 232 338 rann.
245 296 326 339 xxm
420 276 505 360 opto
520 276 616 341 ἱοσιιοι
630 277 777 343 Mimos
790 286 898 342 umal.
1124 281 1186 346 sal

135 464 227 524 rum,
241 465 330 534 quos
347 466 411 519 suo
428 467 606 538 quemque
624 448 746 517 ordine
763 447 1104 541 veneraturrPythia,
1119 473 1189 542 quo

136 555 217 626 loco
241 579 284 626 ea
300 557 412 628 veluti
436 560 639 651 auspicatur
654 559 746 631 hanc
763 561 995 654 Tragoediam.
1046 562 1190 660 Nempe

137 672 307 743 ultimum
325 683 500 744 memorat

491 834 593 890 τέλειον
604 834 722 906 ὕψιστον
733 835 804 893 Aiof-

137 961 279 1032 Deinde
297 961 441 1055 Apollo,
460 965 526 1034 etsi
544 965 723 1034 neminem
744 963 901 1057 appellet
922 966 1077 1046 nomine,
1094 963 1189 1035 haud

137 1085 259 1146 tamen
285 1077 434 1147 obscure
459 1079 643 1171 significat,
670 1101 746 1149 esse
770 1080 830 1170 qui
854 1081 961 1149 etiam
989 1079 1100 1170 possit
1127 1079 1191 1149 ali·

137 1193 278 1280 quando
305 1193 479 1263 rationem
505 1202 666 1285 repetere
689 1194 839 1291 hospitis
865 1194 1030 1287 neglecti,
1056 1195 1189 1265 nedum

136 1306 265 1395 perditi
276 1314 296 1362 Β
307 1329 315 1375 :

421 1450 467 1502 τὸν
479 1448 570 1518 ἶκέτην,
582 1450 678 1522 inquit,
690 1449 810 1521 ῥύσομαι·

350 1533 418 1602 δεινὴ
430 1535 482 1605 γὰρ
494 1535 522 1590 ἒν
532 1536 655 1606 βροτοῖσι
666 1536 713 1590 κάν
724 1536 794 1593 θεοῖς
803 1536 880 1590 πέλει

349 1623 396 1675 ποῦ
408 1621 604 1690 προστροπαίου
615 1624 697 1691 μῆνις,
710 1623 732 1676 εἷ
743 1624 832 1694 προδῶ
845 1620 894 1694 σφ’
907 1624 979 1677 ἑκών.
1044 1610 1050 1631 ⁸

138 1779 321 1850 Profunda
347 1802 431 1850 sane
463 1783 649 1864 sententia,
676 1805 826 1873 quaeque
854 1783 1015 1852 videatur
1040 1782 1189 1850 derivari

136 1895 182 1965 ab
202 1896 398 1965 excelsiore
422 1897 574 1987 quadam
597 1897 837 1988 philosophia:
864 1895 1024 1965 Deorum
1048 1918 1189 1986 quoque

137 2009 333 2080 caelestium
361 2011 625 2092 commercium,
656 2011 713 2080 vel
743 2012 837 2080 inter
866 2033 904 2080 se
929 2011 986 2079 vel
1016 2033 1099 2079 cum
1125 2009 1190 2079 ho·

136 2125 302 2206 minibus,
320 2124 400 2219 lege
418 2127 570 2217 quadam
593 2126 765 2196 contineri
783 2147 823 2196 ac
842 2126 965 2219 dirigi3
993 2127 1028 2195 id
1047 2134 1112 2208 est,
1131 2124 1189 2218 (ut

136 2261 219 2308 cum
244 2238 415 2308 Cicerone
437 2239 576 2331 loquar)
605 2263 743 2313 summa
767 2241 915 2324 ratione,
939 2264 1020 2331 quae
1043 2262 1125 2309 cum
1151 2241 1189 2308 in

135 2362 263 2422 natura
288 2353 334 2422 sit
359 2354 474 2435 insita,
494 2354 622 2445 jubeat
645 2377 782 2445 eaquae
805 2355 966 2427 facienda
990 2363 1083 2436 sunt,
1108 2376 1189 2446 pro·

135 2467 328 2559 hibeatque
364 2470 548 2542 contraria
606 2469 698 2552 Quae
728 2469 788 2538 lex
818 2470 983 2560 quoniam
1018 2491 1090 2538 non
1120 2469 1187 2538 erit

136 2583 261 2665 inanis,
286 2605 402 2673 neque
427 2592 577 2665 mortua,
604 2584 778 2676 signifieat
796 2583 938 2676 Apollo,
958 2584 1023 2655 sibi
1047 2606 1188 2675 quoque

136 2697 225 2766 iram
243 2696 365 2770 violati
391 2697 558 2789 supplicis
581 2698 839 2769 formidandam
861 2699 946 2769 fore.
999 2697 1095 2780 Quid
1112 2697 1187 2768 itai

136 2810 232 2894 Quia
269 2813 413 2903 respicit
446 2821 484 2886 et
522 2812 584 2885 ille
622 2813 792 2903 majorem
832 2813 991 2906 imperio,
1026 2819 1188 2903 tempore

136 2924 301 3015 priorem,
319 2924 451 2995 Deum.

186 3037 270 3111 Jam
295 3061 389 3120 vero,
414 3063 461 3110 ex
482 3062 553 3131 quo
579 3041 732 3132 primum
760 3041 957 3133 ingreditur
981 3041 1019 3108 in
1045 3060 1188 3108 scenam

137 3151 312 3235 Minerva,
340 3156 574 3246 agnoscimur,
601 3155 638 3227 ni
673 3154 786 3237 fallor,
819 3156 979 3245 propiam
1011 3154 1189 3243 quandam

135 3268 361 3355 praesentiam
380 3269 518 3365 Optimi
536 3268 638 3338 Illius
662 3278 770 3360 atque
789 3267 952 3338 Maximi.
1005 3267 1188 3338 Sentimus

137 3380 259 3450 adesse
279 3384 520 3475 augustiorem
542 3382 646 3475 plane
669 3406 865 3474 personam,
882 3392 999 3473 atque,
1016 3391 1059 3452 ut
1077 3383 1187 3455 semel

137 3495 262 3576 dicam,
276 3496 509 3570 Diviniorem.
563 3496 750 3590 Nusquam
768 3498 830 3568 illa
846 3499 1080 3580 convitiatum
1108 3497 1188 3567 nul-

137 3608 181 3678 lis
199 3610 327 3694 utitur,
348 3634 395 3681 ne
418 3612 630 3703 disputando
648 3615 803 3704 quidem,
824 3614 1080 3683 sententiarum
1105 3635 1188 3682 acu·

136 3724 222 3807 leis3
248 3723 407 3816 loquitur
424 3748 586 3796 sermone
603 3727 793 3819 tranquillo
810 3748 951 3819 prorsus
968 3726 1185 3823 acplacido:

136 3839 268 3932 quippe
285 3861 362 3930 quae
387 3862 458 3931 prae
483 3863 522 3913 se
547 3843 637 3916 ferat
663 3850 830 3916 aeternam
855 3841 995 3915 Summi
1018 3841 1186 3911 Numinis

137 3950 369 4050 Sapientiam.

278 4163 287 4198 ¹
300 4163 379 4224 Eum.
393 4167 436 4220 ιο
869 4179 885 4217 ι
902 4168 971 4225 ibid.
984 4184 1044 4239 ομ.
