2768 4876
126 348 297 390 runnxxr.
449 325 556 412 putus
569 327 666 392 nodis
682 327 857 414 brniorfiot.
1110 331 1170 393 411

336 492 396 548 ἄνευ
406 495 517 548 πολιτᾶν
528 492 621 557 ἄνακτ’,

336 579 396 634 ἄνευ
408 580 436 634 δέ
448 580 615 650 πενθημάτων

335 668 412 736 ἔτλης
423 666 580 737 ἀνοίμωκτον
591 666 671 737 ἄνδρα
683 666 777 738 θάψαι.

127 791 244 861 Etiam
263 791 323 860 ubi
344 790 422 861 Diis
439 791 561 861 inferis
578 789 739 861 litabam:

334 939 398 1004 αὕτη
409 934 432 990 τ’
446 936 502 1005 ἐμοὶ
514 937 567 1000 δὸς,
580 936 800 1008 σωφρονεστέραν
810 937 879 990 πολὺ

333 1025 431 1094 μητρὸς
440 1023 571 1094 γενέσθω,
583 1026 660 1095 χεῖρά
671 1023 693 1078 τ’
707 1025 906 1096 εὐσεβεστέραν.

126 1141 226 1212 Nihil
256 1167 371 1236 neque
399 1144 522 1228 lenius,
551 1169 666 1236 neque
693 1147 897 1228 modestius,
922 1148 990 1217 diei
1021 1157 1170 1240 poterat.

125 1255 191 1327 Illa
224 1282 366 1350 quoque
400 1283 471 1329 non
504 1260 611 1329 modo
646 1261 770 1352 pudori
806 1264 867 1331 sed
897 1272 935 1332 et
970 1264 1172 1333 castissimus

124 1375 247 1465 pietati
283 1376 480 1457 tribuendo,
508 1376 636 1466 quibus
672 1399 714 1446 ea
748 1377 906 1447 Chorum
940 1378 1093 1448 consulit
1127 1379 1172 1447 de

123 1489 361 1582 religionibus,
383 1514 453 1582 quo
479 1499 639 1582 tempore
664 1492 817 1583 primum
844 1493 881 1562 in
907 1516 1048 1564 scenam
1075 1517 1172 1564 soora

122 1604 237 1675 ferens
253 1601 475 1698 ingrediturf.

472 1742 581 1813 γένεσθε
592 1744 672 1798 τῶνδε
685 1742 832 1813 σύμβουλοι
843 1745 912 1814 πέρι*

332 1831 421 1901 τυμβφ
432 1829 534 1900 χέουσα
545 1831 626 1886 τάσδε
638 1831 753 1899 κηδείους
763 1833 837 1902 χοάς,

331 1920 386 1972 πῶς
397 1915 502 1987 εὔφρον’
515 1913 594 1981 ε’ίπως
612 1922 667 1973 πῶς
678 1917 837 1988 κατεύξομαι
848 1919 943 1990 πατρίς

330 2002 427 2074 ποτέρα
438 2003 556 2074 λέγουσα
567 2005 638 2075 παρὰ
649 2005 730 2075 φίλης
741 2007 815 2078 φίλῳ
827 2005 917 2077 φέρειν

331 2091 450 2159 γυναικὸς
461 2090 544 2159 ἀνδρί,
557 2092 602 2159 τῆς
613 2089 675 2160 ε’μης
685 2093 782 2162 μητρὸς
792 2093 878 2162 πάρα;

330 2177 403 2229 τῶνδ’
416 2177 446 2230 οὐ
458 2178 568 2246 πάρεστι
580 2176 687 2245 θάρσος,
699 2177 752 2232 οὐδ’
767 2179 819 2249 ἔχω
831 2178 857 2232 τί
869 2177 921 2247 φῶ,

329 2261 429 2332 χέουσα
441 2263 515 2317 τόνδε
526 2262 642 2317 πέλανον
653 2262 681 2316 ἐν
692 2266 782 2337 τυρβῷ
794 2266 900 2336 πατρός.

121 2380 263 2452 Videtis
293 2405 364 2451 uon
395 2391 529 2453 temere
560 2386 796 2467 commoveri3
826 2384 915 2454 nihil
943 2408 989 2454 ex
1019 2383 1168 2455 libidine

119 2519 233 2589 egere,
251 2520 445 2567 memorem
471 2500 601 2590 quippe
628 2511 665 2569 et
691 2500 800 2569 divini
827 2510 864 2570 et
890 2501 1036 2570 humani
1059 2502 1167 2593 juris:

120 2614 221 2682 matri
239 2622 361 2682 autem
379 2637 453 2684 suae
467 2617 526 2684 vix
544 2624 581 2685 et
600 2639 644 2685 ne
659 2615 717 2684 vix
733 2618 874 2708 quidem
894 2617 1042 2687 crimino
1059 2619 1168 2686 etiam

120 2728 304 2798 manifesta
323 2730 486 2820 objicere.

173 2841 296 2913 Habet
335 2854 505 2935 praeterea
542 2848 617 2937 ejus
661 2869 809 2937 persona
848 2845 1062 2939 singularem
1100 2845 1169 2916 fre-

119 2961 208 3028 temi
235 2961 363 3030 amoris
392 2961 687 3043 declarationem
721 2961 917 3053 praesertim
945 2961 1005 3030 ubi
1034 2960 1090 3030 vel
1121 2984 1167 3031 ex

118 3075 225 3165 sparsi
261 3076 366 3145 crinis
400 3075 527 3158 colore,
555 3075 611 3146 vel
646 3099 691 3145 ex
727 3074 858 3166 pedum
893 3074 1051 3167 vestigiis
1085 3097 1168 3143 oon-

112 3189 287 3277 jeoturam
313 3190 359 3257 de
383 3189 519 3259 Orestis
545 3191 660 3260 reditu
686 3191 792 3282 cupiit.
844 3189 1019 3259 Praeelare
1044 3199 1166 3260 autem

118 3304 214 3373 novit
240 3304 429 3396 AEsohylus
455 3306 588 3376 variare
613 3315 650 3375 et
677 3305 894 3397 distinguere
922 3304 1165 3375 dulcissimum

117 3418 209 3488 huno
237 3419 374 3490 locum:
402 3422 531 3513 quippe
555 3423 614 3514 qui
641 3421 732 3491 bene
761 3420 989 3502 intellexerit,
1010 3443 1081 3490 uon
1109 3445 1167 3492 ea-
1256 3499 1258 3505 y

117 3536 196 3604 dem
226 3535 328 3627 plane
350 3535 426 3605 fore
444 3537 642 3606 dilectionis
665 3537 805 3618 indicia,
823 3536 907 3606 hine
924 3536 1041 3606 fratris
1066 3536 1165 3608 illino

117 3653 251 3721 sororis.
313 3651 497 3744 Exemplis
539 3653 762 3744 supersedeo,
796 3660 940 3743 propter
982 3654 1164 3744 angustias

116 3768 294 3859 temporis.
341 3768 480 3839 Verum
515 3779 592 3838 tum
628 3776 771 3859 propter
808 3767 886 3836 haee
920 3766 1049 3848 omnia,
1084 3776 1163 3836 tum

117 3893 257 3975 propter
286 3907 364 3954 eam
394 3907 464 3976 que
493 3883 603 3975 pollet
638 3883 712 3953 haeo
747 3882 928 3975 tragoedia,
958 3883 1163 3951 reverentiae

116 4021 197 4090 erga
236 3999 353 4093 Reges
396 4000 698 4093 significationem,
738 3999 908 4078 sentiunt,
944 3996 1078 4086 opinor,
1118 3997 1162 4065 ad

116 4138 223 4185 unum
251 4138 383 4196 omnes,
401 4117 460 4206 qui
487 4115 660 4184 curiosius
681 4112 799 4204 paullo
827 4112 962 4205 legunt,
984 4133 1058 4180 rem
1086 4113 1163 4180 uni-

298 4343 307 4365 ⁸
323 4335 434 4404 cleps.
450 4335 508 4404 138.
827 4329 837 4367 f
855 4329 921 4383 ibid.
935 4331 978 4397 84.
