2768 4876
168 318 232 382 446
388 318 538 381 Lomento
551 313 590 379 cd
602 314 641 378 Ιο
655 314 706 378 odsi
720 334 787 377 cccc
797 312 974 397 puellaria:
1019 334 1114 377 rann.
1125 335 1216 375 xxm.

168 484 220 567 Io,
240 505 326 576 vaga
351 482 454 575 plane
474 506 545 552 non
563 504 639 551 esse
664 504 736 552 non
760 484 881 573 possit.
934 482 1006 553 Sed
1028 481 1211 566 Horatius,

167 601 416 695 medumpam
443 597 611 691 intelligit
632 621 702 667 non
720 606 795 667 tam
821 598 907 668 locis
924 621 1029 689 quam
1055 599 1212 668 moribus

166 738 207 785 ac
233 714 374 784 vivendi
404 715 559 784 ratione:
590 713 746 805 alioquin
771 713 865 783 haud
892 714 983 783 bene
1005 715 1210 783 conveniret

166 832 241 922 ejus
267 832 402 901 mentio
429 854 510 900 cum
539 829 688 911 caeteris
713 852 801 920 quos
826 829 932 900 modo
957 831 1128 900 nominari
1150 854 1212 899 au-

165 947 285 1016 distis:
312 969 461 1038 quorum
482 945 540 1016 hic
565 945 730 1036 perfidus
756 944 818 1015 ille
842 945 964 1028 tristis,
982 945 1093 1016 altera
1110 947 1209 1015 ferox

166 1070 203 1130 et
222 1061 363 1141 invicta,
385 1083 507 1131 omnes
523 1061 568 1130 ab
584 1060 703 1130 indole
720 1084 792 1130 nou
816 1084 837 1130 a
857 1061 1007 1130 fortunis
1032 1059 1211 1152 appellan-

165 1185 233 1245 tur.
286 1173 461 1245 Praeterea
488 1199 570 1245 cum
598 1199 716 1258 nemo,
742 1178 836 1267 quod
862 1176 981 1262 sciam,
1007 1177 1211 1269 Tragoedus,

165 1298 295 1380 praeter
316 1290 533 1382 AEschylum
555 1291 600 1360 de
622 1291 767 1361 Inachia
791 1291 910 1383 puella
935 1293 1122 1374 cecinerit3
1150 1293 1211 1360 vix

166 1405 326 1475 dubitem
352 1405 438 1496 quin
465 1406 510 1474 ad
536 1406 611 1496 ejus
635 1405 850 1476 Promethea
876 1407 1070 1498 respexerit
1096 1405 1212 1476 Hora-

166 1521 249 1604 tius,
273 1542 355 1589 cum
382 1520 471 1590 illud
502 1530 721 1613 praeceptum
748 1522 881 1592 ederet.
936 1521 1069 1605 Quidni
1092 1523 1210 1615 igitur,

164 1645 265 1706 tauto
283 1645 427 1707 auctore
444 1636 536 1720 freti,
548 1639 716 1708 audacter
731 1637 954 1721 affirmemus,
966 1660 1092 1730 vagam
1104 1638 1210 1706 istam

164 1749 319 1838 puellam
349 1751 508 1820 adhiberi
538 1754 694 1845 potuisse
726 1753 771 1822 ab
798 1753 974 1845 AEschylc,
1005 1752 1211 1821 documenti

165 1862 255 1947 loco,
269 1890 338 1958 qua
354 1867 425 1937 sint
443 1869 645 1938 conditione
657 1869 825 1960 juniores,
839 1869 994 1938 accensis
1010 1869 1047 1936 in
1063 1867 1211 1959 praealta

166 2006 208 2053 ac
225 1984 338 2052 vetita
353 1983 503 2054 animis?

216 2096 301 2167 Non
324 2120 394 2189 qno
419 2107 553 2190 putem,
576 2098 786 2169 miserandae
809 2098 937 2190 uirgini
962 2107 1084 2168 notam
1100 2097 1213 2190 turpi-

165 2213 298 2283 tudinis
315 2213 462 2306 alicujus
475 2213 567 2283 inuri
582 2213 722 2284 debere.
762 2212 903 2306 Quippe
921 2214 1035 2307 spargi
1053 2215 1157 2284 rideo
1174 2215 1212 2284 in

165 2329 241 2420 ejus
266 2347 444 2400 sermones
466 2329 597 2399 indicia
619 2352 691 2399 non
709 2330 816 2399 dubia
838 2331 981 2422 pudoris
998 2352 1081 2401 vere
1098 2331 1212 2400 foemi-

165 2446 234 2515 nei.
286 2445 406 2516 Primo
427 2446 522 2537 quod
547 2446 749 2516 inauribus
774 2445 833 2516 vel
855 2447 1074 2516 amicissimis
1099 2447 1211 2545 invita

166 2561 311 2652 deponit
329 2562 430 2652 quasi
447 2578 535 2631 onus
552 2583 790 2633 aemmuarum
808 2557 985 2631 suarumh:

518 2707 599 2761 καίτοι
612 2708 653 2760 καὶ
664 2706 770 2778 λέγουσ’
785 2704 939 2777 αἰσχύνομαι

376 2793 522 2847 θεόσσυτον
532 2799 654 2862 χειμῶνα,
667 2793 708 2847 καί
721 2792 865 2864 διάφθορον

376 2881 488 2949 μορφῆς,
501 2877 560 2932 ὅθεν
571 2901 614 2949 μοι
627 2878 737 2950 σχετλίᾳ
749 2877 923 2948 προσέπτατο.

167 3007 281 3100 Atqui
301 3010 456 3079 narranti
478 3009 577 3080 nulla
599 3032 739 3102 prorsus
762 3009 922 3080 haerebat
944 3008 1108 3090 infamia3
1134 3017 1213 3079 tan·

166 3132 244 3194 tum
270 3126 388 3194 nescio
410 3149 480 3217 qua
505 3124 674 3218 religione
699 3125 898 3218 refugiebat
923 3125 1071 3207 animus
1093 3125 1212 3196 oculo·

166 3263 246 3310 rum
264 3249 301 3309 et
318 3240 406 3310 lucis
423 3242 621 3331 impatiens.

217 3355 357 3426 Deinde
373 3356 434 3426 ubi
448 3378 589 3425 cursum
605 3356 827 3448 prosequitur
845 3355 988 3425 infausti
1006 3354 1101 3423 illius
1114 3377 1213 3424 amo·

167 3473 223 3552 rie,
241 3494 286 3540 an
311 3471 437 3541 somnii
459 3472 583 3552 dicam,
601 3480 784 3552 narratae,
803 3494 873 3561 qua
894 3472 1015 3540 decuit
1039 3472 1213 3540 modestia

168 3586 262 3676 piam
293 3595 331 3655 et
360 3587 525 3678 pudicam
553 3585 672 3669 filiam,
700 3586 787 3655 nihil
819 3587 962 3656 omnino
993 3584 1123 3656 celasse
1152 3609 1213 3676 pa-

168 3697 290 3771 tremi:

519 3798 606 3852 πάσας
617 3797 745 3868 εὐφρόνας
756 3797 871 3867 ὀνείρασι

377 3883 530 3952 ξυνειχόμην
543 3881 675 3950 δύστηνος,
688 3883 714 3938 ir
726 3905 754 3936 τε
766 3882 796 3951 δὴ
808 3883 887 3951 πατρὶ

377 3966 454 4035 ἔτλην
465 3969 586 4037 γεγωνεῖν
598 3967 737 4039 νυκτίφοιτ’
750 3968 876 4039 ὀνείρατα.

169 4087 299 4178 Neque
319 4088 354 4156 id
372 4087 537 4158 abhorret
555 4112 576 4158 a
593 4089 754 4182 religioso
772 4091 918 4181 pudore,
937 4089 1029 4178 quod
1049 4086 1210 4157 deflendo

344 4321 359 4359 *¹
377 4322 464 4375 Prom.
480 4323 541 4393 643.
870 4325 875 4355 ¹
895 4324 962 4378 ibid.
975 4323 1036 4394 656.
