2768 4876
163 339 351 382 nanum.
442 316 976 399 QaanlasdoumalooPulolsi.
1149 319 1212 383 511

164 491 288 583 inepte
321 491 542 561 mentionem
575 492 700 582 saepius
737 491 906 582 injectam
942 488 1215 582 pulchritudinis

166 629 300 689 eorum,
317 629 467 698 quorum
485 606 754 677 celebrabantur
770 605 930 676 victoriae
940 613 965 674 ¹.

377 760 429 813 εἰλν
440 760 519 816 καλὸς
530 759 611 828 ἔρδων
622 757 644 814 τ’
657 758 759 812 εὀικότα
770 759 861 829 μορφᾷ

378 844 495 915 ἀνορέαις
506 845 660 914 ὑπερτάτως
670 843 752 910 ε’πέβα
763 846 824 900 παῖς
834 843 1048 914 Ἀριστοφάνεος.

168 973 390 1066 Exquisitius
414 976 575 1069 depingit
593 974 800 1058 Arcesilam,
821 998 893 1045 non
917 975 1125 1067 simpliciter
1148 973 1217 1043 for·

168 1112 318 1172 mosum,
337 1091 400 1160 sed
417 1113 460 1160 ea
477 1091 591 1161 forma
606 1091 803 1182 praeditum,
820 1114 901 1184 quae
917 1091 1074 1162 maxime
1089 1111 1217 1160 conve-

169 1205 240 1274 niat
257 1205 443 1297 ingenioso
459 1227 501 1274 ac
518 1206 616 1298 regio
627 1205 753 1297 juveni
764 1214 786 1274 ⁵.

380 1359 410 1412 τό
422 1357 477 1427 μὲν,
490 1356 531 1412 ότι
542 1357 669 1423 βασιλεὺς

380 1444 443 1500 ε’σσὶ
454 1446 570 1514 μεγαλᾶν
580 1444 688 1507 πολέων,

380 1530 436 1600 ἔχει
448 1530 577 1600 συγγενὴς

381 1614 519 1685 ὀφθαλμὸς
530 1615 690 1669 αἰδοιότατον
700 1613 778 1687 γέρας

379 1703 425 1770 τεᾷ
437 1705 514 1755 τοῦτο
525 1699 678 1772 merebor
689 1701 776 1772 davi·

170 1829 278 1902 Plane
304 1831 357 1901 ita
381 1830 515 1911 laudat,
531 1840 574 1901 ut
591 1832 745 1902 assolent
766 1840 960 1903 castrenses
981 1856 1022 1903 ac
1047 1834 1217 1905 militares

171 1946 243 2015 riri.
296 1945 435 2015 Mirum
452 1954 583 2028 autem,
600 1947 638 2015 ni
654 1947 745 2016 hanc
767 1947 911 2018 laudem
927 1949 1087 2021 cumulet
1109 1952 1217 2021 inter·

171 2061 253 2131 dum
271 2060 472 2154 puellarum
488 2060 707 2131 intuentium
724 2061 843 2132 favore
854 2065 876 2131 ⁸.

344 2213 458 2282 ἔλπομαι
470 2210 502 2276 δ’,
513 2209 663 2283 Ἐφυραίων

345 2297 388 2352 ὄπ’
400 2298 468 2370 ἀμφὶ
481 2299 590 2366 Πηνεῖὁν
601 2300 723 2370 γλυκεῖαν
733 2300 897 2370 προχεόντων
908 2299 980 2370 ε’μᾶν,

347 2385 393 2439 τόν
403 2383 557 2440 Ἱπποκλέαν
568 2385 607 2440 ε’τὶ
618 2386 660 2439 καὶ
670 2387 772 2455 μᾶλλον
784 2389 834 2440 σῦν
845 2385 943 2442 ἀοιδαῖς

345 2467 416 2524 ἕκατι
427 2471 565 2541 στεφάνων
577 2470 672 2540 θαητὸν
683 2471 711 2526 έν
722 2469 794 2539 Mt
806 2469 918 2541 θῆσεμεν
931 2470 958 2527 ἕν
969 2472 1011 2526 καὶ
1023 2471 1196 2545 παλαιτέροις,
1279 2487 1283 2497 “

347 2553 446 2609 νέαισίν
457 2577 486 2610 τε
497 2553 649 2627 παρθένοισι
660 2554 770 2626 μέλημα.

172 2683 251 2756 Ηοο
279 2685 493 2778 simplicius:
523 2687 592 2757 alio
622 2687 777 2757 carmine
802 2711 878 2757 rem
904 2687 1053 2757 eandem
1078 2686 1217 2779 plenius

170 2801 353 2894 expressit,
370 2825 442 2871 non
459 2802 534 2871 sine
552 2800 754 2872 dulcissima
770 2801 920 2898 ἐναργείᾳ
926 2811 954 2871 ⁰.

345 2953 459 3006 πλεῖστα
471 2948 609 3005 νικάσαντά
621 2972 654 3006 σε
666 2951 707 3004 καὶ
719 2953 835 3008 τελεταῖς

346 3037 435 3107 ὡρίαις
445 3037 473 3091 έν
485 3035 625 3094 Παλλάδος
636 3033 713 3101 εἶδον,
726 3036 826 3109 ἄφωνοι
838 3035 861 3090 θ
874 3036 908 3091 ὡς
920 3033 1017 3090 ἔκάστα
1029 3035 1157 3106 φίλτατον

347 3123 497 3195 παρθενικαὶ
508 3125 589 3179 πόσιν
599 3121 615 3192 ἢ

346 3211 403 3266 οἷὸν
414 3209 523 3282 εὔχοντ’,
537 3209 763 3276 ὦΤελεπικρατὲς,
775 3210 863 3280 ἔμμεν.

218 3348 286 3417 Est
303 3349 414 3418 ctiam
430 3348 519 3418 illud
536 3348 699 3429 alterum,
711 3350 805 3441 quod
822 3349 984 3441 proxime
1000 3350 1157 3440 pertinet
1174 3349 1219 3418 ad

172 3462 386 3534 athletarum
403 3464 500 3545 ἧθοςτ
525 3487 609 3534 nam
626 3466 710 3556 poni
727 3465 819 3535 solet
835 3465 872 3533 in
889 3472 989 3556 parte
1007 3463 1121 3534 laudis
1145 3486 1218 3533 non

174 3578 318 3648 minima
344 3579 536 3651 liberalitas
565 3579 661 3651 ultra
686 3580 832 3650 modum
860 3579 981 3663 effusa,
999 3587 1037 3649 et
1061 3578 1217 3671 largitati

175 3695 321 3786 propior.
373 3694 569 3766 Hieronem
594 3697 718 3789 utique
742 3695 977 3766 confidentius
995 3695 1137 3765 videtur
1157 3694 1219 3764 ad·

177 3823 365 3893 nonere¹3

345 3955 453 4009 πολλῶν
464 3955 555 4024 ταμίας
566 3953 633 4009 ἐστι’·
651 3954 749 4009 πολλοὶ
760 3952 886 4024 μάρτυρες
897 3951 1056 4025 ἀμφοτέροις
1066 3952 1165 4007 πιστοί·

346 4039 447 4094 εὐανθεῖ
458 4038 480 4094 δ’
493 4041 521 4096 ἔν
532 4040 598 4112 ὀργᾷ
609 4039 753 4112 παρμένων,

211 4221 303 4277 ‘Nona
316 4240 343 4293 3.
356 4240 400 4293 31.
606 4226 708 4294 ¹Pptla
722 4237 748 4291 5.
766 4241 807 4295 19.
1012 4221 1103 4276 tibid.
1120 4237 1160 4276 ro.
1174 4222 1217 4287 85.

188 4303 302 4379 illido
318 4322 377 4379 17¹·
520 4317 536 4347 ¹
548 4309 617 4364 lbr'd.
633 4326 656 4364 1.
673 4321 731 4380 173.
