<?xml version="1.0" encoding="UTF-8"?>
<!DOCTYPE html PUBLIC "-//W3C//DTD XHTML 1.0 Transitional//EN"
    "http://www.w3.org/TR/xhtml1/DTD/xhtml1-transitional.dtd">
<html xmlns="http://www.w3.org/1999/xhtml" xml:lang="en" lang="en">
 <head>
  <title>
</title>
<meta http-equiv="Content-Type" content="text/html;charset=utf-8" />
  <meta name='ocr-system' content='tesseract 3.04.00' />
  <meta name='ocr-capabilities' content='ocr_page ocr_carea ocr_par ocr_line ocrx_word'/>
</head>
<body>
  <div class='ocr_page' id='page_1' title='image "./depoeticaevimed00keblgoog_0232.png"; bbox 0 0 2768 4876; ppageno 0'>
   <div class='ocr_carea' id='block_1_1' title="bbox 168 307 1209 394">
    <p class='ocr_par' dir='ltr' id='par_1_1' title="bbox 168 307 1209 394">
     <span class='ocr_line' id='line_1_1' title="bbox 168 307 1209 394; baseline 0.005 -23"><span class='ocrx_word' id='word_1_1' title='bbox 168 331 257 374; x_wconf 72' lang='lat' dir='ltr'><strong>rnna.</strong></span> <span class='ocrx_word' id='word_1_2' title='bbox 269 330 360 371; x_wconf 86' lang='lat' dir='ltr'><strong>xxrx.</strong></span> <span class='ocrx_word' id='word_1_3' title='bbox 407 309 582 393; x_wconf 69' lang='lat' dir='ltr'><strong>presertim</strong></span> <span class='ocrx_word' id='word_1_4' title='bbox 594 307 649 372; x_wconf 78' lang='grc' dir='ltr'><strong>οιιό</strong></span> <span class='ocrx_word' id='word_1_5' title='bbox 665 308 830 393; x_wconf 73' lang='lat' dir='ltr'><strong>Hippolyti</strong></span> <span class='ocrx_word' id='word_1_6' title='bbox 837 329 981 394; x_wconf 68' lang='grc' dir='ltr'>ρσοοοα.</span> <span class='ocrx_word' id='word_1_7' title='bbox 1144 309 1209 377; x_wconf 80' lang='lat'><strong>607</strong></span> 
     </span>
    </p>
   </div>
   <div class='ocr_carea' id='block_1_2' title="bbox 163 481 1215 1556">
    <p class='ocr_par' dir='ltr' id='par_1_2' title="bbox 165 481 1214 785">
     <span class='ocr_line' id='line_1_2' title="bbox 168 481 1213 576; baseline -0.001 -23"><span class='ocrx_word' id='word_1_8' title='bbox 168 483 307 553; x_wconf 84' lang='lat' dir='ltr'><strong>Deinde</strong></span> <span class='ocrx_word' id='word_1_9' title='bbox 336 483 521 576; x_wconf 83' lang='lat' dir='ltr'><strong>significat,</strong></span> <span class='ocrx_word' id='word_1_10' title='bbox 551 482 728 574; x_wconf 86' lang='lat' dir='ltr'><strong>pertinere</strong></span> <span class='ocrx_word' id='word_1_11' title='bbox 762 481 823 551; x_wconf 87' lang='lat' dir='ltr'><strong>illa</strong></span> <span class='ocrx_word' id='word_1_12' title='bbox 852 505 950 552; x_wconf 86' lang='lat' dir='ltr'><strong>saera</strong></span> <span class='ocrx_word' id='word_1_13' title='bbox 978 483 1022 552; x_wconf 86' lang='lat' dir='ltr'><strong>ad</strong></span> <span class='ocrx_word' id='word_1_14' title='bbox 1057 485 1213 576; x_wconf 86' lang='lat' dir='ltr'><strong>integros</strong></span> 
     </span>
     <span class='ocr_line' id='line_1_3' title="bbox 165 598 1214 690; baseline 0.001 -22"><span class='ocrx_word' id='word_1_15' title='bbox 165 598 257 669; x_wconf 87' lang='lat' dir='ltr'><strong>solos</strong></span> <span class='ocrx_word' id='word_1_16' title='bbox 284 607 394 690; x_wconf 87' lang='lat' dir='ltr'><strong>atque</strong></span> <span class='ocrx_word' id='word_1_17' title='bbox 422 599 666 690; x_wconf 58' lang='lat' dir='ltr'><strong>incorruptam</strong></span> <span class='ocrx_word' id='word_1_18' title='bbox 695 598 908 690; x_wconf 79' lang='lat' dir='ltr'><strong>poenitentes</strong></span> <span class='ocrx_word' id='word_1_19' title='bbox 935 621 1006 667; x_wconf 87' lang='lat' dir='ltr'><strong>non</strong></span> <span class='ocrx_word' id='word_1_20' title='bbox 1037 599 1127 669; x_wconf 89' lang='lat' dir='ltr'><strong>bene</strong></span> <span class='ocrx_word' id='word_1_21' title='bbox 1153 599 1214 669; x_wconf 88' lang='lat' dir='ltr'><strong>ad·</strong></span> 
     </span>
     <span class='ocr_line' id='line_1_4' title="bbox 167 715 273 785; baseline 0.019 -2"><span class='ocrx_word' id='word_1_22' title='bbox 167 715 273 785; x_wconf 88' lang='lat' dir='ltr'><strong>mitti.</strong></span> 
     </span>
    </p>

    <p class='ocr_par' dir='ltr' id='par_1_3' title="bbox 341 823 894 895">
     <span class='ocr_line' id='line_1_5' title="bbox 341 823 894 895; baseline -0.005 -13"><span class='ocrx_word' id='word_1_23' title='bbox 341 825 416 884; x_wconf 82' lang='grc' dir='ltr'>ὅσοις</span> <span class='ocrx_word' id='word_1_24' title='bbox 427 825 546 880; x_wconf 72' lang='grc' dir='ltr'>διδακτὸν</span> <span class='ocrx_word' id='word_1_25' title='bbox 556 826 645 895; x_wconf 71' lang='grc' dir='ltr'>μηδέν,</span> <span class='ocrx_word' id='word_1_26' title='bbox 656 823 717 878; x_wconf 76' lang='grc' dir='ltr'>ἀλλ’</span> <span class='ocrx_word' id='word_1_27' title='bbox 730 827 758 879; x_wconf 77' lang='grc' dir='ltr'><strong>ἐν</strong></span> <span class='ocrx_word' id='word_1_28' title='bbox 769 829 800 894; x_wconf 75' lang='grc' dir='ltr'><strong>τῇ</strong></span> <span class='ocrx_word' id='word_1_29' title='bbox 813 825 894 895; x_wconf 79' lang='grc' dir='ltr'>φύσει</span> 
     </span>
    </p>

    <p class='ocr_par' dir='ltr' id='par_1_4' title="bbox 341 910 886 984">
     <span class='ocr_line' id='line_1_6' title="bbox 341 910 886 984; baseline -0.007 -15"><span class='ocrx_word' id='word_1_30' title='bbox 341 915 372 968; x_wconf 81' lang='grc' dir='ltr'><strong>τὸ</strong></span> <span class='ocrx_word' id='word_1_31' title='bbox 384 915 532 984; x_wconf 77' lang='grc' dir='ltr'>σωφρονεῖν</span> <span class='ocrx_word' id='word_1_32' title='bbox 543 910 651 982; x_wconf 81' lang='grc' dir='ltr'>εῖληχεν</span> <span class='ocrx_word' id='word_1_33' title='bbox 662 912 699 967; x_wconf 81' lang='grc' dir='ltr'>εἷς</span> <span class='ocrx_word' id='word_1_34' title='bbox 710 912 742 965; x_wconf 84' lang='grc' dir='ltr'><strong>τὰ</strong></span> <span class='ocrx_word' id='word_1_35' title='bbox 753 911 825 966; x_wconf 81' lang='grc' dir='ltr'>πάντ’</span> <span class='ocrx_word' id='word_1_36' title='bbox 838 912 886 975; x_wconf 73' lang='grc' dir='ltr'><strong>ἀεὶ,</strong></span> 
     </span>
    </p>

    <p class='ocr_par' dir='ltr' id='par_1_5' title="bbox 163 995 1215 1556">
     <span class='ocr_line' id='line_1_7' title="bbox 342 995 952 1068; baseline -0.005 -15"><span class='ocrx_word' id='word_1_37' title='bbox 342 998 443 1054; x_wconf 66' lang='grc' dir='ltr'>τούτοις</span> <span class='ocrx_word' id='word_1_38' title='bbox 455 997 605 1068; x_wconf 75' lang='grc' dir='ltr'>δρέπεσθαι,</span> <span class='ocrx_word' id='word_1_39' title='bbox 618 1000 673 1053; x_wconf 88' lang='grc' dir='ltr'>τοῖς</span> <span class='ocrx_word' id='word_1_40' title='bbox 684 997 784 1052; x_wconf 83' lang='grc' dir='ltr'>κιῖκοισι</span> <span class='ocrx_word' id='word_1_41' title='bbox 796 996 818 1051; x_wconf 72' lang='lat'><em>8</em></span> <span class='ocrx_word' id='word_1_42' title='bbox 831 998 862 1052; x_wconf 79' lang='grc' dir='ltr'>οὗ</span> <span class='ocrx_word' id='word_1_43' title='bbox 874 995 952 1066; x_wconf 79' lang='grc' dir='ltr'>θῖμις.</span> 
     </span>
     <span class='ocr_line' id='line_1_8' title="bbox 168 1118 1215 1212; baseline 0.002 -21"><span class='ocrx_word' id='word_1_44' title='bbox 168 1121 255 1205; x_wconf 86' lang='lat' dir='ltr'><strong>Quae</strong></span> <span class='ocrx_word' id='word_1_45' title='bbox 273 1128 394 1190; x_wconf 88' lang='lat' dir='ltr'><strong>autem</strong></span> <span class='ocrx_word' id='word_1_46' title='bbox 416 1118 576 1211; x_wconf 78' lang='lat' dir='ltr'>proxime</span> <span class='ocrx_word' id='word_1_47' title='bbox 593 1126 800 1208; x_wconf 87' lang='lat' dir='ltr'><strong>sequuntur,</strong></span> <span class='ocrx_word' id='word_1_48' title='bbox 817 1120 935 1186; x_wconf 90' lang='lat' dir='ltr'><strong>nescio</strong></span> <span class='ocrx_word' id='word_1_49' title='bbox 953 1120 1127 1210; x_wconf 82' lang='lat' dir='ltr'>equidem,</span> <span class='ocrx_word' id='word_1_50' title='bbox 1144 1145 1215 1212; x_wconf 88' lang='lat' dir='ltr'><strong>qua</strong></span> 
     </span>
     <span class='ocr_line' id='line_1_9' title="bbox 168 1233 1213 1329; baseline -0.001 -22"><span class='ocrx_word' id='word_1_51' title='bbox 168 1239 283 1308; x_wconf 87' lang='lat' dir='ltr'><strong>dicam</strong></span> <span class='ocrx_word' id='word_1_52' title='bbox 309 1258 386 1305; x_wconf 86' lang='lat' dir='ltr'><strong>csse</strong></span> <span class='ocrx_word' id='word_1_53' title='bbox 404 1233 449 1303; x_wconf 88' lang='lat' dir='ltr'><strong>ab</strong></span> <span class='ocrx_word' id='word_1_54' title='bbox 467 1233 612 1326; x_wconf 84' lang='lat' dir='ltr'><strong>origine,</strong></span> <span class='ocrx_word' id='word_1_55' title='bbox 629 1242 704 1302; x_wconf 86' lang='lat' dir='ltr'><strong>tam</strong></span> <span class='ocrx_word' id='word_1_56' title='bbox 725 1242 808 1302; x_wconf 90' lang='lat' dir='ltr'><strong>sunt</strong></span> <span class='ocrx_word' id='word_1_57' title='bbox 828 1235 957 1325; x_wconf 86' lang='lat' dir='ltr'><strong>gravia,</strong></span> <span class='ocrx_word' id='word_1_58' title='bbox 980 1236 1118 1326; x_wconf 86' lang='lat' dir='ltr'><strong>pudica,</strong></span> <span class='ocrx_word' id='word_1_59' title='bbox 1135 1238 1213 1329; x_wconf 85' lang='lat' dir='ltr'><strong>pia;</strong></span> 
     </span>
     <span class='ocr_line' id='line_1_10' title="bbox 169 1346 1215 1442; baseline -0.003 -19"><span class='ocrx_word' id='word_1_60' title='bbox 169 1367 241 1423; x_wconf 87' lang='lat' dir='ltr'><strong>tam</strong></span> <span class='ocrx_word' id='word_1_61' title='bbox 268 1374 341 1421; x_wconf 88' lang='lat' dir='ltr'><strong>non</strong></span> <span class='ocrx_word' id='word_1_62' title='bbox 367 1351 508 1442; x_wconf 87' lang='lat' dir='ltr'><strong>penitus</strong></span> <span class='ocrx_word' id='word_1_63' title='bbox 533 1348 663 1418; x_wconf 90' lang='lat' dir='ltr'><strong>absunt</strong></span> <span class='ocrx_word' id='word_1_64' title='bbox 692 1370 714 1417; x_wconf 87' lang='lat' dir='ltr'><strong>a</strong></span> <span class='ocrx_word' id='word_1_65' title='bbox 739 1346 975 1419; x_wconf 72' lang='lat' dir='ltr'><strong>Sanctissimae</strong></span> <span class='ocrx_word' id='word_1_66' title='bbox 1002 1349 1112 1421; x_wconf 85' lang='lat' dir='ltr'><strong>Vocis</strong></span> <span class='ocrx_word' id='word_1_67' title='bbox 1141 1374 1215 1420; x_wconf 87' lang='lat' dir='ltr'><strong>rna-</strong></span> 
     </span>
     <span class='ocr_line' id='line_1_11' title="bbox 163 1465 305 1556; baseline -0.028 -20"><span class='ocrx_word' id='word_1_68' title='bbox 163 1465 305 1556; x_wconf 85' lang='lat' dir='ltr'><strong>jestatc.</strong></span> 
     </span>
    </p>
   </div>
   <div class='ocr_carea' id='block_1_3' title="bbox 168 1589 1215 2353">
    <p class='ocr_par' dir='ltr' id='par_1_6' title="bbox 341 1589 878 1662">
     <span class='ocr_line' id='line_1_12' title="bbox 341 1589 878 1662; baseline 0.006 -18"><span class='ocrx_word' id='word_1_69' title='bbox 341 1589 403 1644; x_wconf 83' lang='grc' dir='ltr'>ἆλλ’</span> <span class='ocrx_word' id='word_1_70' title='bbox 416 1591 437 1645; x_wconf 72' lang='grc' dir='ltr'><strong>ὃ</strong></span> <span class='ocrx_word' id='word_1_71' title='bbox 448 1591 514 1662; x_wconf 78' lang='grc' dir='ltr'>φίλη</span> <span class='ocrx_word' id='word_1_72' title='bbox 528 1589 661 1654; x_wconf 72' lang='grc' dir='ltr'>δέσποινα,</span> <span class='ocrx_word' id='word_1_73' title='bbox 672 1589 788 1661; x_wconf 77' lang='grc' dir='ltr'>χρυσέας</span> <span class='ocrx_word' id='word_1_74' title='bbox 799 1592 878 1661; x_wconf 84' lang='grc' dir='ltr'>κόμης</span> 
     </span>
    </p>

    <p class='ocr_par' dir='ltr' id='par_1_7' title="bbox 342 1676 856 1748">
     <span class='ocr_line' id='line_1_13' title="bbox 342 1676 856 1748; baseline -0.004 -16"><span class='ocrx_word' id='word_1_75' title='bbox 342 1676 457 1747; x_wconf 77' lang='grc' dir='ltr'>α’νᾶδημα</span> <span class='ocrx_word' id='word_1_76' title='bbox 469 1676 548 1745; x_wconf 75' lang='grc' dir='ltr'>δέξαι,</span> <span class='ocrx_word' id='word_1_77' title='bbox 560 1679 648 1748; x_wconf 84' lang='grc' dir='ltr'>χειρὸς</span> <span class='ocrx_word' id='word_1_78' title='bbox 659 1676 785 1741; x_wconf 76' lang='grc' dir='ltr'>εὐσεβοῦς</span> <span class='ocrx_word' id='word_1_79' title='bbox 797 1676 856 1731; x_wconf 82' lang='grc' dir='ltr'>ὅπα·</span> 
     </span>
    </p>

    <p class='ocr_par' dir='ltr' id='par_1_8' title="bbox 342 1762 903 1837">
     <span class='ocr_line' id='line_1_14' title="bbox 342 1762 903 1837; baseline 0.002 -21"><span class='ocrx_word' id='word_1_80' title='bbox 342 1765 413 1837; x_wconf 77' lang='grc' dir='ltr'>μόνη)</span> <span class='ocrx_word' id='word_1_81' title='bbox 423 1763 473 1836; x_wconf 79' lang='grc' dir='ltr'><strong>γάρ</strong></span> <span class='ocrx_word' id='word_1_82' title='bbox 486 1764 544 1818; x_wconf 84' lang='grc' dir='ltr'>ε’στι</span> <span class='ocrx_word' id='word_1_83' title='bbox 555 1762 624 1817; x_wconf 75' lang='grc' dir='ltr'>τοῦτ’</span> <span class='ocrx_word' id='word_1_84' title='bbox 637 1763 693 1833; x_wconf 79' lang='grc' dir='ltr'>ἐμοὶ</span> <span class='ocrx_word' id='word_1_85' title='bbox 704 1762 783 1834; x_wconf 82' lang='grc' dir='ltr'>γε’ρας</span> <span class='ocrx_word' id='word_1_86' title='bbox 793 1766 903 1832; x_wconf 80' lang='grc' dir='ltr'>βρότον·</span> 
     </span>
    </p>

    <p class='ocr_par' dir='ltr' id='par_1_9' title="bbox 342 1848 877 1920">
     <span class='ocr_line' id='line_1_15' title="bbox 342 1848 877 1920; baseline -0.006 -16"><span class='ocrx_word' id='word_1_87' title='bbox 342 1850 388 1904; x_wconf 81' lang='grc' dir='ltr'>σοὶ</span> <span class='ocrx_word' id='word_1_88' title='bbox 400 1850 441 1903; x_wconf 79' lang='grc' dir='ltr'><strong>καὶ</strong></span> <span class='ocrx_word' id='word_1_89' title='bbox 453 1848 563 1918; x_wconf 78' lang='grc' dir='ltr'>σύνειμι,</span> <span class='ocrx_word' id='word_1_90' title='bbox 576 1849 617 1902; x_wconf 81' lang='grc' dir='ltr'><strong>καῖ</strong></span> <span class='ocrx_word' id='word_1_91' title='bbox 628 1851 719 1920; x_wconf 75' lang='grc' dir='ltr'>λόγοις</span> <span class='ocrx_word' id='word_1_92' title='bbox 730 1849 877 1918; x_wconf 80' lang='grc' dir='ltr'>ἀμείβομαι,</span> 
     </span>
    </p>

    <p class='ocr_par' dir='ltr' id='par_1_10' title="bbox 343 1933 954 2005">
     <span class='ocr_line' id='line_1_16' title="bbox 343 1933 954 2005; baseline 0.003 -17"><span class='ocrx_word' id='word_1_93' title='bbox 343 1933 428 1989; x_wconf 74' lang='grc' dir='ltr'>κλύων</span> <span class='ocrx_word' id='word_1_94' title='bbox 438 1936 486 2004; x_wconf 75' lang='grc' dir='ltr'><strong>μὲν</strong></span> <span class='ocrx_word' id='word_1_95' title='bbox 497 1936 584 2004; x_wconf 78' lang='grc' dir='ltr'>αὐδὴν,</span> <span class='ocrx_word' id='word_1_96' title='bbox 597 1933 666 2005; x_wconf 78' lang='grc' dir='ltr'>ὄμμα</span> <span class='ocrx_word' id='word_1_97' title='bbox 678 1933 700 1988; x_wconf 79' lang='grc' dir='ltr'><strong>δ’</strong></span> <span class='ocrx_word' id='word_1_98' title='bbox 713 1935 763 2004; x_wconf 80' lang='grc' dir='ltr'>οὐχ</span> <span class='ocrx_word' id='word_1_99' title='bbox 776 1937 843 2005; x_wconf 82' lang='grc' dir='ltr'>ὁρῶν</span> <span class='ocrx_word' id='word_1_100' title='bbox 854 1937 885 1989; x_wconf 84' lang='grc' dir='ltr'><strong>τὸ</strong></span> <span class='ocrx_word' id='word_1_101' title='bbox 897 1938 954 1990; x_wconf 84' lang='grc' dir='ltr'>σόν·</span> 
     </span>
    </p>

    <p class='ocr_par' dir='ltr' id='par_1_11' title="bbox 168 2019 1215 2353">
     <span class='ocr_line' id='line_1_17' title="bbox 342 2019 929 2093; baseline -0.002 -18"><span class='ocrx_word' id='word_1_102' title='bbox 342 2020 419 2077; x_wconf 73' lang='grc' dir='ltr'>τέλος</span> <span class='ocrx_word' id='word_1_103' title='bbox 431 2021 459 2075; x_wconf 76' lang='grc' dir='ltr'><strong>δὲ</strong></span> <span class='ocrx_word' id='word_1_104' title='bbox 472 2019 609 2092; x_wconf 48' lang='lat' dir='ltr'><strong>sciscitata,</strong></span> <span class='ocrx_word' id='word_1_105' title='bbox 622 2023 711 2090; x_wconf 70' lang='grc' dir='ltr'>ὥσπερ</span> <span class='ocrx_word' id='word_1_106' title='bbox 724 2019 847 2093; x_wconf 73' lang='grc' dir='ltr'>ἠρξάμην,</span> <span class='ocrx_word' id='word_1_107' title='bbox 858 2022 929 2086; x_wconf 77' lang='grc' dir='ltr'>βίου.</span> 
     </span>
     <span class='ocr_line' id='line_1_18' title="bbox 171 2141 1214 2237; baseline -0.003 -22"><span class='ocrx_word' id='word_1_108' title='bbox 171 2143 328 2216; x_wconf 88' lang='lat' dir='ltr'><strong>Videtur</strong></span> <span class='ocrx_word' id='word_1_109' title='bbox 345 2141 454 2235; x_wconf 88' lang='lat' dir='ltr'><strong>(quod</strong></span> <span class='ocrx_word' id='word_1_110' title='bbox 478 2143 640 2237; x_wconf 84' lang='lat' dir='ltr'><strong>religiose</strong></span> <span class='ocrx_word' id='word_1_111' title='bbox 657 2144 792 2212; x_wconf 90' lang='lat' dir='ltr'><strong>dictum</strong></span> <span class='ocrx_word' id='word_1_112' title='bbox 811 2142 931 2234; x_wconf 89' lang='lat' dir='ltr'><strong>velim)</strong></span> <span class='ocrx_word' id='word_1_113' title='bbox 949 2144 1048 2234; x_wconf 80' lang='lat' dir='ltr'><strong>quasi</strong></span> <span class='ocrx_word' id='word_1_114' title='bbox 1070 2143 1114 2212; x_wconf 92' lang='lat' dir='ltr'><strong>de</strong></span> <span class='ocrx_word' id='word_1_115' title='bbox 1139 2143 1214 2212; x_wconf 89' lang='lat' dir='ltr'><strong>lon·</strong></span> 
     </span>
     <span class='ocr_line' id='line_1_19' title="bbox 168 2257 1215 2353; baseline -0.002 -25"><span class='ocrx_word' id='word_1_116' title='bbox 168 2261 299 2353; x_wconf 83' lang='lat' dir='ltr'><strong>ginquo</strong></span> <span class='ocrx_word' id='word_1_117' title='bbox 317 2257 406 2327; x_wconf 85' lang='lat' dir='ltr'><strong>illud</strong></span> <span class='ocrx_word' id='word_1_118' title='bbox 419 2281 501 2327; x_wconf 88' lang='lat' dir='ltr'><strong>vere</strong></span> <span class='ocrx_word' id='word_1_119' title='bbox 519 2258 676 2327; x_wconf 77' lang='lat' dir='ltr'><strong>&lt;livinum</strong></span> <span class='ocrx_word' id='word_1_120' title='bbox 692 2259 911 2339; x_wconf 86' lang='lat' dir='ltr'><strong>adumbrare,</strong></span> <span class='ocrx_word' id='word_1_121' title='bbox 929 2278 1080 2328; x_wconf 80' lang='lat' dir='ltr'><strong>nunnos</strong></span> <span class='ocrx_word' id='word_1_122' title='bbox 1096 2277 1215 2328; x_wconf 75' lang='lat' dir='ltr'><strong>conns</strong></span> 
     </span>
    </p>
   </div>
   <div class='ocr_carea' id='block_1_4' title="bbox 168 2368 1214 2454">
    <p class='ocr_par' dir='ltr' id='par_1_12' title="bbox 168 2368 1214 2454">
     <span class='ocr_line' id='line_1_20' title="bbox 168 2368 1214 2454; baseline 0 -13"><span class='ocrx_word' id='word_1_123' title='bbox 168 2393 305 2444; x_wconf 76' lang='lat' dir='ltr'><strong>vrnnnn</strong></span> <span class='ocrx_word' id='word_1_124' title='bbox 321 2393 437 2444; x_wconf 78' lang='lat' dir='ltr'><strong>naun.</strong></span> <span class='ocrx_word' id='word_1_125' title='bbox 482 2371 589 2443; x_wconf 89' lang='lat' dir='ltr'><strong>Unde</strong></span> <span class='ocrx_word' id='word_1_126' title='bbox 606 2381 643 2443; x_wconf 86' lang='lat' dir='ltr'><strong>ct</strong></span> <span class='ocrx_word' id='word_1_127' title='bbox 660 2372 722 2442; x_wconf 87' lang='lat' dir='ltr'><strong>illa</strong></span> <span class='ocrx_word' id='word_1_128' title='bbox 738 2374 898 2454; x_wconf 84' lang='lat' dir='ltr'><strong>censetis,</strong></span> <span class='ocrx_word' id='word_1_129' title='bbox 917 2373 1013 2441; x_wconf 86' lang='lat' dir='ltr'><strong>cumi</strong></span> <span class='ocrx_word' id='word_1_130' title='bbox 1032 2368 1214 2443; x_wconf 86' lang='lat' dir='ltr'><strong>Academo</strong></span> 
     </span>
    </p>
   </div>
   <div class='ocr_carea' id='block_1_5' title="bbox 168 2486 1066 2581">
    <p class='ocr_par' dir='ltr' id='par_1_13' title="bbox 168 2486 1066 2581">
     <span class='ocr_line' id='line_1_21' title="bbox 168 2486 1066 2581; baseline -0.002 -23"><span class='ocrx_word' id='word_1_131' title='bbox 168 2489 337 2581; x_wconf 81' lang='lat' dir='ltr'><strong>graviora,</strong></span> <span class='ocrx_word' id='word_1_132' title='bbox 350 2487 478 2578; x_wconf 87' lang='lat' dir='ltr'><strong>quibus</strong></span> <span class='ocrx_word' id='word_1_133' title='bbox 496 2488 654 2579; x_wconf 77' lang='lat' dir='ltr'><strong>increpat</strong></span> <span class='ocrx_word' id='word_1_134' title='bbox 671 2488 788 2578; x_wconf 88' lang='lat' dir='ltr'><strong>turpia</strong></span> <span class='ocrx_word' id='word_1_135' title='bbox 804 2486 1066 2556; x_wconf 47' lang='lat' dir='ltr'><strong>meditantem?</strong></span> 
     </span>
    </p>
   </div>
   <div class='ocr_carea' id='block_1_6' title="bbox 342 2628 898 2783">
    <p class='ocr_par' dir='ltr' id='par_1_14' title="bbox 342 2628 898 2783">
     <span class='ocr_line' id='line_1_22' title="bbox 660 2628 854 2699; baseline 0 -16"><span class='ocrx_word' id='word_1_136' title='bbox 660 2628 680 2683; x_wconf 76' lang='grc' dir='ltr'><strong><em>ὦ</em></strong></span> <span class='ocrx_word' id='word_1_137' title='bbox 693 2629 769 2683; x_wconf 83' lang='grc' dir='ltr'>κακὸν</span> <span class='ocrx_word' id='word_1_138' title='bbox 781 2628 854 2699; x_wconf 81' lang='grc' dir='ltr'>κάρα,</span> 
     </span>
     <span class='ocr_line' id='line_1_23' title="bbox 342 2711 898 2783; baseline 0.004 -15"><span class='ocrx_word' id='word_1_139' title='bbox 342 2712 457 2783; x_wconf 78' lang='grc' dir='ltr'>λε’κτρονν</span> <span class='ocrx_word' id='word_1_140' title='bbox 468 2713 577 2768; x_wconf 82' lang='grc' dir='ltr'>ἆθῖκτων</span> <span class='ocrx_word' id='word_1_141' title='bbox 588 2711 666 2782; x_wconf 75' lang='grc' dir='ltr'>ἦλθες</span> <span class='ocrx_word' id='word_1_142' title='bbox 677 2715 714 2769; x_wconf 83' lang='grc' dir='ltr'>εἷς</span> <span class='ocrx_word' id='word_1_143' title='bbox 725 2713 898 2783; x_wconf 78' lang='grc' dir='ltr'>συναλλαγᾶς·</span> 
     </span>
    </p>
   </div>
   <div class='ocr_carea' id='block_1_7' title="bbox 342 2798 895 3042">
    <p class='ocr_par' dir='ltr' id='par_1_15' title="bbox 342 2798 895 3042">
     <span class='ocr_line' id='line_1_24' title="bbox 342 2798 859 2871; baseline -0.002 -19"><span class='ocrx_word' id='word_1_144' title='bbox 342 2799 360 2852; x_wconf 83' lang='grc' dir='ltr'><em>ἁ</em></span> <span class='ocrx_word' id='word_1_145' title='bbox 371 2798 418 2871; x_wconf 75' lang='grc' dir='ltr'><strong>’γῶ</strong></span> <span class='ocrx_word' id='word_1_146' title='bbox 428 2798 516 2870; x_wconf 81' lang='grc' dir='ltr'>ῥυτοῖς</span> <span class='ocrx_word' id='word_1_147' title='bbox 527 2802 666 2868; x_wconf 87' lang='grc' dir='ltr'>νασροῖσιν</span> <span class='ocrx_word' id='word_1_148' title='bbox 678 2799 859 2870; x_wconf 79' lang='grc' dir='ltr'>ἔξομόρξομαι,</span> 
     </span>
     <span class='ocr_line' id='line_1_25' title="bbox 344 2883 895 2954; baseline 0.004 -15"><span class='ocrx_word' id='word_1_149' title='bbox 344 2886 381 2942; x_wconf 79' lang='grc' dir='ltr'>εἷς</span> <span class='ocrx_word' id='word_1_150' title='bbox 391 2885 445 2940; x_wconf 72' lang='grc' dir='ltr'><strong>ὃτα</strong></span> <span class='ocrx_word' id='word_1_151' title='bbox 455 2885 563 2952; x_wconf 67' lang='grc' dir='ltr'>κλύζων·</span> <span class='ocrx_word' id='word_1_152' title='bbox 581 2891 637 2941; x_wconf 77' lang='grc' dir='ltr'>πῶς</span> <span class='ocrx_word' id='word_1_153' title='bbox 647 2883 678 2940; x_wconf 76' lang='grc' dir='ltr'><strong>ἂν</strong></span> <span class='ocrx_word' id='word_1_154' title='bbox 690 2885 735 2940; x_wconf 78' lang='grc' dir='ltr'>οὖν</span> <span class='ocrx_word' id='word_1_155' title='bbox 746 2884 799 2954; x_wconf 81' lang='grc' dir='ltr'>εἵην</span> <span class='ocrx_word' id='word_1_156' title='bbox 812 2886 895 2948; x_wconf 84' lang='grc' dir='ltr'>κακὸς,</span> 
     </span>
     <span class='ocr_line' id='line_1_26' title="bbox 344 2969 874 3042; baseline -0.002 -17"><span class='ocrx_word' id='word_1_157' title='bbox 344 2969 374 3028; x_wconf 76' lang='grc' dir='ltr'>ὃς</span> <span class='ocrx_word' id='word_1_158' title='bbox 385 2971 437 3026; x_wconf 77' lang='grc' dir='ltr'>οὔδ’</span> <span class='ocrx_word' id='word_1_159' title='bbox 450 2970 563 3029; x_wconf 75' lang='grc' dir='ltr'>ἀκούσας</span> <span class='ocrx_word' id='word_1_160' title='bbox 574 2971 653 3025; x_wconf 78' lang='grc' dir='ltr'>τοιάδ’</span> <span class='ocrx_word' id='word_1_161' title='bbox 665 2969 780 3042; x_wconf 79' lang='grc' dir='ltr'>ἁγνεύειν</span> <span class='ocrx_word' id='word_1_162' title='bbox 792 2972 874 3034; x_wconf 65' lang='grc' dir='ltr'>δοκῶς</span> 
     </span>
    </p>
   </div>
   <div class='ocr_carea' id='block_1_8' title="bbox 167 3093 1215 3539">
    <p class='ocr_par' dir='ltr' id='par_1_16' title="bbox 167 3093 1215 3539">
     <span class='ocr_line' id='line_1_27' title="bbox 170 3093 1137 3177; baseline 0.002 -13"><span class='ocrx_word' id='word_1_163' title='bbox 170 3093 290 3166; x_wconf 87' lang='lat' dir='ltr'><strong>Etiam</strong></span> <span class='ocrx_word' id='word_1_164' title='bbox 307 3093 408 3176; x_wconf 90' lang='lat' dir='ltr'><strong>illud,</strong></span> <span class='ocrx_word' id='word_1_165' title='bbox 424 3102 466 3163; x_wconf 90' lang='lat' dir='ltr'><strong>ut</strong></span> <span class='ocrx_word' id='word_1_166' title='bbox 483 3095 519 3162; x_wconf 88' lang='lat' dir='ltr'><strong>in</strong></span> <span class='ocrx_word' id='word_1_167' title='bbox 537 3093 681 3163; x_wconf 91' lang='lat' dir='ltr'><strong>homine</strong></span> <span class='ocrx_word' id='word_1_168' title='bbox 700 3094 838 3177; x_wconf 82' lang='lat' dir='ltr'><strong>Graeco,</strong></span> <span class='ocrx_word' id='word_1_169' title='bbox 856 3095 940 3163; x_wconf 89' lang='lat' dir='ltr'><strong>satis</strong></span> <span class='ocrx_word' id='word_1_170' title='bbox 957 3117 1137 3166; x_wconf 84' lang='lat' dir='ltr'><strong>severum:</strong></span> 
     </span>
     <span class='ocr_line' id='line_1_28' title="bbox 602 3235 935 3306; baseline 0.006 -17"><span class='ocrx_word' id='word_1_171' title='bbox 602 3235 663 3289; x_wconf 79' lang='grc' dir='ltr'>οὐδὲ</span> <span class='ocrx_word' id='word_1_172' title='bbox 674 3239 754 3290; x_wconf 84' lang='grc' dir='ltr'>ταῦτα</span> <span class='ocrx_word' id='word_1_173' title='bbox 765 3237 816 3306; x_wconf 76' lang='grc' dir='ltr'><strong>γὰρ</strong></span> <span class='ocrx_word' id='word_1_174' title='bbox 828 3240 935 3291; x_wconf 81' lang='grc' dir='ltr'>σκοπεῖν</span> 
     </span>
     <span class='ocr_line' id='line_1_29' title="bbox 343 3321 1002 3395; baseline 0.005 -19"><span class='ocrx_word' id='word_1_175' title='bbox 343 3321 475 3392; x_wconf 80' lang='grc' dir='ltr'>πρόθυμος</span> <span class='ocrx_word' id='word_1_176' title='bbox 487 3321 547 3391; x_wconf 71' lang='grc' dir='ltr'>εἶμι,</span> <span class='ocrx_word' id='word_1_177' title='bbox 564 3321 741 3393; x_wconf 81' lang='grc' dir='ltr'>πάρθενον</span> <span class='ocrx_word' id='word_1_178' title='bbox 763 3324 883 3394; x_wconf 72' lang='grc' dir='ltr'>ψυχὴν</span> <span class='ocrx_word' id='word_1_179' title='bbox 905 3326 1002 3395; x_wconf 77' lang='grc' dir='ltr'>ἔχων.</span> 
     </span>
     <span class='ocr_line' id='line_1_30' title="bbox 167 3445 1215 3539; baseline 0.002 -23"><span class='ocrx_word' id='word_1_180' title='bbox 167 3446 264 3530; x_wconf 88' lang='lat' dir='ltr'><strong>Quid</strong></span> <span class='ocrx_word' id='word_1_181' title='bbox 281 3446 377 3537; x_wconf 91' lang='lat' dir='ltr'><strong>quod</strong></span> <span class='ocrx_word' id='word_1_182' title='bbox 394 3447 431 3515; x_wconf 91' lang='lat' dir='ltr'><strong>in</strong></span> <span class='ocrx_word' id='word_1_183' title='bbox 448 3447 617 3515; x_wconf 84' lang='lat' dir='ltr'><strong>extremis</strong></span> <span class='ocrx_word' id='word_1_184' title='bbox 634 3445 703 3516; x_wconf 90' lang='lat' dir='ltr'><strong>illis</strong></span> <span class='ocrx_word' id='word_1_185' title='bbox 720 3447 919 3539; x_wconf 82' lang='lat' dir='ltr'><strong>angoribus,</strong></span> <span class='ocrx_word' id='word_1_186' title='bbox 936 3448 1091 3517; x_wconf 88' lang='lat' dir='ltr'><strong>animam</strong></span> <span class='ocrx_word' id='word_1_187' title='bbox 1108 3449 1215 3518; x_wconf 88' lang='lat' dir='ltr'><strong>modo</strong></span> 
     </span>
    </p>
   </div>
   <div class='ocr_carea' id='block_1_9' title="bbox 162 3561 1214 4056">
    <p class='ocr_par' dir='ltr' id='par_1_17' title="bbox 162 3561 1214 3768">
     <span class='ocr_line' id='line_1_31' title="bbox 162 3561 1214 3655; baseline 0.001 -23"><span class='ocrx_word' id='word_1_188' title='bbox 162 3563 238 3654; x_wconf 87' lang='lat' dir='ltr'><strong>jam</strong></span> <span class='ocrx_word' id='word_1_189' title='bbox 263 3569 416 3643; x_wconf 86' lang='lat' dir='ltr'><strong>acturus,</strong></span> <span class='ocrx_word' id='word_1_190' title='bbox 434 3585 506 3631; x_wconf 91' lang='lat' dir='ltr'><strong>non</strong></span> <span class='ocrx_word' id='word_1_191' title='bbox 529 3561 600 3631; x_wconf 88' lang='lat' dir='ltr'><strong>alia</strong></span> <span class='ocrx_word' id='word_1_192' title='bbox 625 3585 663 3631; x_wconf 87' lang='lat' dir='ltr'><strong>re</strong></span> <span class='ocrx_word' id='word_1_193' title='bbox 688 3563 801 3654; x_wconf 85' lang='lat' dir='ltr'><strong>magis</strong></span> <span class='ocrx_word' id='word_1_194' title='bbox 824 3572 1011 3645; x_wconf 79' lang='lat' dir='ltr'><strong>recreatur,</strong></span> <span class='ocrx_word' id='word_1_195' title='bbox 1029 3587 1136 3655; x_wconf 89' lang='lat' dir='ltr'><strong>quam</strong></span> <span class='ocrx_word' id='word_1_196' title='bbox 1152 3564 1214 3633; x_wconf 85' lang='lat' dir='ltr'><strong>cb-</strong></span> 
     </span>
     <span class='ocr_line' id='line_1_32' title="bbox 166 3675 1077 3768; baseline 0.002 -22"><span class='ocrx_word' id='word_1_197' title='bbox 166 3699 269 3746; x_wconf 87' lang='lat' dir='ltr'><strong>scura</strong></span> <span class='ocrx_word' id='word_1_198' title='bbox 285 3676 437 3768; x_wconf 85' lang='lat' dir='ltr'><strong>quadam</strong></span> <span class='ocrx_word' id='word_1_199' title='bbox 455 3678 640 3746; x_wconf 88' lang='lat' dir='ltr'><strong>castissimi</strong></span> <span class='ocrx_word' id='word_1_200' title='bbox 659 3675 828 3745; x_wconf 87' lang='lat' dir='ltr'><strong>Numinis</strong></span> <span class='ocrx_word' id='word_1_201' title='bbox 844 3678 1077 3768; x_wconf 72' lang='lat' dir='ltr'><strong>praesentiae?</strong></span> 
     </span>
    </p>

    <p class='ocr_par' dir='ltr' id='par_1_18' title="bbox 343 3810 912 3882">
     <span class='ocr_line' id='line_1_33' title="bbox 343 3810 912 3882; baseline 0.004 -17"><span class='ocrx_word' id='word_1_202' title='bbox 343 3810 363 3865; x_wconf 72' lang='lat' dir='ltr'><strong>t</strong></span> <span class='ocrx_word' id='word_1_203' title='bbox 375 3812 444 3866; x_wconf 84' lang='grc' dir='ltr'>θεῖον</span> <span class='ocrx_word' id='word_1_204' title='bbox 455 3811 535 3881; x_wconf 77' lang='grc' dir='ltr'>ὀδμῆς</span> <span class='ocrx_word' id='word_1_205' title='bbox 546 3815 652 3880; x_wconf 86' lang='grc' dir='ltr'>πνεῦμα·</span> <span class='ocrx_word' id='word_1_206' title='bbox 673 3812 775 3882; x_wconf 79' lang='grc' dir='ltr'>καὶγὰρ</span> <span class='ocrx_word' id='word_1_207' title='bbox 788 3811 815 3866; x_wconf 78' lang='grc' dir='ltr'><strong>ἐν</strong></span> <span class='ocrx_word' id='word_1_208' title='bbox 827 3814 912 3867; x_wconf 86' lang='grc' dir='ltr'>κακοῖς</span> 
     </span>
    </p>

    <p class='ocr_par' dir='ltr' id='par_1_19' title="bbox 343 3897 895 3969">
     <span class='ocr_line' id='line_1_34' title="bbox 343 3897 895 3969; baseline 0.004 -17"><span class='ocrx_word' id='word_1_209' title='bbox 343 3899 378 3953; x_wconf 76' lang='grc' dir='ltr'><strong>ὣν</strong></span> <span class='ocrx_word' id='word_1_210' title='bbox 388 3897 507 3968; x_wconf 71' lang='grc' dir='ltr'>ᾐσθόμην</span> <span class='ocrx_word' id='word_1_211' title='bbox 518 3920 577 3962; x_wconf 85' lang='grc' dir='ltr'>σου,</span> <span class='ocrx_word' id='word_1_212' title='bbox 590 3898 799 3968; x_wconf 81' lang='grc' dir='ltr'>κᾶνακουφίσθην</span> <span class='ocrx_word' id='word_1_213' title='bbox 811 3897 895 3969; x_wconf 75' lang='grc' dir='ltr'>δέρας·</span> 
     </span>
    </p>

    <p class='ocr_par' dir='ltr' id='par_1_20' title="bbox 343 3982 888 4056">
     <span class='ocr_line' id='line_1_35' title="bbox 343 3982 888 4056; baseline 0.002 -20"><span class='ocrx_word' id='word_1_214' title='bbox 343 3983 398 4039; x_wconf 79' lang='grc' dir='ltr'>ἔστ’</span> <span class='ocrx_word' id='word_1_215' title='bbox 411 3985 439 4040; x_wconf 76' lang='grc' dir='ltr'><strong>ἐν</strong></span> <span class='ocrx_word' id='word_1_216' title='bbox 450 3987 555 4039; x_wconf 83' lang='grc' dir='ltr'>τόποισι</span> <span class='ocrx_word' id='word_1_217' title='bbox 567 3984 655 4040; x_wconf 74' lang='grc' dir='ltr'>τοῖσδέ</span> <span class='ocrx_word' id='word_1_218' title='bbox 667 3982 822 4056; x_wconf 75' lang='grc' dir='ltr'>γ”Αρτερις</span> <span class='ocrx_word' id='word_1_219' title='bbox 833 3983 888 4038; x_wconf 80' lang='grc' dir='ltr'>θέο.</span> 
     </span>
    </p>
   </div>
   <div class='ocr_carea' id='block_1_10' title="bbox 269 4215 1108 4289">
    <p class='ocr_par' dir='ltr' id='par_1_21' title="bbox 269 4215 1108 4289">
     <span class='ocr_line' id='line_1_36' title="bbox 269 4215 1108 4289; baseline -0.001 -17"><span class='ocrx_word' id='word_1_220' title='bbox 269 4217 457 4289; x_wconf 55' lang='lat' dir='ltr'><strong>orasses.</strong></span> <span class='ocrx_word' id='word_1_221' title='bbox 922 4215 1016 4271; x_wconf 71' lang='lat' dir='ltr'><strong>vna.</strong></span> <span class='ocrx_word' id='word_1_222' title='bbox 1033 4229 1108 4288; x_wconf 80' lang='lat'>1407.</span> 
     </span>
    </p>
   </div>
   <div class='ocr_carea' id='block_1_11' title="bbox 0 0 1414 4876">
    <p class='ocr_par' dir='ltr' id='par_1_22' title="bbox 0 0 1414 4876">
     <span class='ocr_line' id='line_1_37' title="bbox 0 0 1414 4876; baseline 0 0"><span class='ocrx_word' id='word_1_223' title='bbox 0 0 1414 4876; x_wconf 95' lang='lat' dir='ltr'><strong> </strong></span> 
     </span>
    </p>
   </div>
  </div>
 </body>
</html>
