2768 4876
169 302 259 397 raas.
272 354 352 396 m.
403 332 503 396 rara
517 341 634 408 ιιιιιιι,
647 333 733 395 rare
748 334 960 397 ammaum.
1148 329 1213 400 err

168 521 310 605 paratus
327 512 566 582 delicatissimi
592 511 733 604 anguli:
761 512 826 581 uisi
849 519 890 581 ut
916 513 1072 581 animum
1097 512 1211 583 decla-

168 635 245 697 rent
264 628 355 698 reris
373 627 468 696 beati
485 635 523 696 et
539 649 688 718 guamm
706 636 743 696 et
760 629 902 718 penitus
918 628 1121 698 amantem?

215 743 337 827 Quare
354 741 393 815 id
408 743 551 833 quidem
577 742 722 812 missum
741 742 930 825 faciamus;
956 744 1136 814 videamus
1153 768 1216 814 au-

167 866 251 939 tem,
279 859 406 949 ecquid
436 859 482 928 sit
511 858 606 928 aliud
637 859 674 926 in
701 880 816 940 causa,
844 882 908 929 cur
937 867 1055 929 careat
1084 862 1213 953 agresti

168 972 277 1044 Musa
303 973 428 1044 Graeca
453 975 654 1064 antiquitas.
713 974 809 1056 Quid
837 975 865 1043 si
893 975 1017 1054 dicam,
1045 974 1102 1044 vel
1134 977 1214 1045 ideo

167 1088 320 1158 defuisse
340 1089 506 1169 carmina,
523 1089 617 1178 quod
635 1090 723 1158 adeo
741 1089 967 1159 abundabant
985 1091 1119 1161 deliciae
1137 1115 1215 1182 quar

163 1203 402 1274 canerentur?
454 1200 646 1286 Nimirum,
673 1215 714 1274 ut
743 1215 828 1275 ante
857 1230 929 1275 non
957 1207 1068 1276 semel
1099 1208 1214 1290 docui,

167 1343 237 1391 uon
263 1320 352 1391 alius
377 1321 445 1390 erit
470 1321 610 1389 uberior
635 1320 713 1391 fons
732 1320 893 1404 Pcesecs
912 1345 1018 1414 quam
1044 1323 1152 1414 siquis
1176 1325 1213 1393 in

167 1455 241 1503 rem
271 1435 455 1504 absentem
483 1435 656 1504 desiderio
684 1437 837 1526 quodam
868 1436 1042 1506 indefesso
1069 1438 1213 1509 feratur.

166 1549 249 1618 Jam
271 1559 393 1619 autem
410 1551 531 1618 eximii
550 1551 624 1631 viri,
642 1551 770 1642 quibus
790 1560 873 1621 aetas
899 1551 960 1621 illa
977 1551 1120 1622 Graeciae
1137 1553 1214 1622 vix·

166 1664 253 1734 dum
283 1673 424 1736 matura
453 1666 576 1758 viguit,
607 1667 815 1736 fruebantur
847 1667 976 1760 singuli
1009 1667 1215 1739 fluminibus

166 1782 237 1851 suis
260 1781 454 1874 sylvisque:
484 1781 663 1852 Homerus
681 1806 761 1852 cum
780 1783 914 1855 cithara
940 1785 1146 1877 peragrabat
1172 1785 1214 1854 li-

167 1904 243 1966 tora
265 1905 304 1966 et
329 1896 479 1966 insulas:
507 1897 682 1989 Delphico
700 1898 779 1968 Dec
800 1900 1012 1970 inserviebat
1031 1899 1214 1995 Pindarus,

166 2010 258 2082 inter
283 2035 428 2082 nemora
449 2022 486 2081 ct
507 2021 609 2083 antra
626 2022 663 2083 et
681 2014 796 2084 fontes
813 2015 879 2084 sub
897 2016 1012 2085 radice
1030 2016 1213 2087 Parnassi:

166 2135 237 2197 tres
253 2127 427 2220 Tragoedi,
445 2130 536 2197 sicut
554 2137 591 2197 et
608 2129 725 2198 caeteri
744 2130 848 2210 cives,
866 2138 972 2220 prout
989 2138 1064 2199 erat
1085 2131 1215 2221 cuique

166 2241 285 2324 libido,
298 2241 423 2313 Attica
437 2266 499 2313 sua
507 2245 765 2335 jucundissima
776 2244 844 2313 frui
858 2253 1032 2335 poterant.
1068 2245 1214 2328 Quanto

165 2366 286 2428 autem
304 2358 422 2427 studio
440 2357 589 2428 coluerit
604 2381 692 2451 gens
713 2359 781 2428 ista
800 2358 932 2441 hortea,
950 2361 1088 2450 praedia
1105 2384 1215 2430 amoe-

166 2494 227 2542 nas
257 2472 420 2543 villarum
450 2474 612 2555 latebras,
644 2476 745 2544 testis
775 2476 841 2544 erit
872 2477 968 2544 omni
1002 2479 1214 2568 exceptione

165 2591 286 2680 major,
303 2591 546 2683 Thucydides;
572 2593 631 2682 qui
651 2591 787 2661 Pericle
808 2601 967 2684 praetere,
985 2593 1050 2662 sub
1068 2595 1211 2664 infausti

165 2703 250 2774 belli
267 2706 380 2789 initio,
399 2730 479 2776 cum
504 2707 657 2798 primum
681 2717 820 2778 teneret
838 2707 1000 2778 Atticam
1018 2708 1214 2800 Spartanus

165 2821 353 2902 exercitus,
383 2845 454 2891 non
484 2821 554 2892 alia
581 2823 694 2915 magis
724 2845 761 2890 re
792 2831 988 2892 commotos
1019 2846 1095 2893 esse
1126 2825 1212 2895 dicit

164 2935 301 3004 animos
327 2959 479 3017 suorum,
498 2961 603 3028 quam
621 2939 715 3029 quod
733 2939 943 3008 arcebantur
965 2963 987 3008 a
1009 2941 1102 3010 notis
1119 2943 1214 3032 quis-

165 3071 234 3140 que
259 3048 383 3142 agellis
393 3060 417 3120 ⁰.
455 3050 633 3135 Χαλεπῶς,
650 3054 776 3143 inquit,
794 3053 916 3135 adroic,
935 3051 986 3122 dul
1013 3051 1055 3123 τὸ
1076 3053 1124 3123 ἀεὶ
1146 3057 1213 3124 eirc-

165 3162 251 3232 θὲναι
269 3163 346 3240 τοὺς
365 3166 512 3242 πολλοὺς
529 3169 560 3236 ἐν
577 3177 649 3242 τοῖς
667 3168 783 3263 ἀγροῖς
807 3166 1008 3250 διαιτᾶσθαι,
1028 3173 1045 3249 ἦ
1064 3167 1210 3240 ἀνάστα-

164 3309 214 3353 σις
231 3279 397 3370 ἐγίγνετο.
421 3279 624 3373 ξννεβεβὴιιει
642 3281 677 3352 di
689 3280 758 3352 ἀπὸ
770 3289 832 3353 τοῦ
848 3280 931 3353 παίνν
944 3284 1086 3380 ἀρχαίου
1096 3284 1213 3379 ἑτέρων

162 3395 297 3472 μᾶλλον
309 3392 494 3476 Ἀθηναίοις
511 3402 613 3468 τοῦτο
681 3399 712 3466 ἐν
729 3408 799 3473 τοῖς
816 3399 934 3493 ἀγροῖς
948 3398 1098 3494 ...μεχρὶ
1115 3395 1214 3467 τοῦδε

162 3515 225 3577 τοῦ
249 3510 401 3592 πολέμου
424 3513 616 3602 πανοικησίᾳ
639 3513 807 3604 γενόμενοί
827 3545 866 3583 τε
885 3514 937 3583 καί
958 3517 1157 3598 οἰκήσαντες,
1175 3514 1211 3582 οὖ

161 3622 277 3717 ῥᾳδίως
302 3623 363 3701 τὰς
387 3625 651 3708 μεταναστάσεις
676 3629 930 3700 ἐποιοῦντο...
952 3630 1150 3724 ἐβαρύνοντο
1176 3627 1211 3698 di

163 3740 213 3809 καί
241 3747 396 3836 χαλεπῶς
415 3745 546 3839 ἔφερον,
565 3741 666 3819 αι’κιοίς
686 3776 726 3814 τε
750 3745 1001 3826 καταλιπόντες,
1018 3744 1070 3813 καί
1088 3742 1208 3839 {spat

163 3852 215 3923 <bi
238 3855 365 3933 παντὸς
381 3859 417 3939 ἣν
435 3860 545 3934 αὐτοῖς
568 3859 602 3927 ἐκ
623 3867 682 3940 τῆς
705 3856 790 3928 κατὰ
813 3857 854 3928 τὸ
878 3859 1019 3955 ἀρχαῖον
1040 3859 1211 3933 πολιτείας

163 3967 301 4066 πάτρια·
336 3971 464 4043 ‹liar-rob
489 4005 529 4044 τε
560 3974 740 4056 μέλλοντες
769 3970 1008 4061 μεταβάλλειν,
1038 3975 1089 4043 καί
1123 3971 1211 4044 οὐδὲν

164 4083 251 4156 ἆλλὸ
269 4086 287 4168 ii
303 4088 403 4158 πόλιν
418 4090 477 4171 τὴν
494 4091 594 4160 αὐτοῦ
605 4089 799 4159 ιἀπολείπων
817 4091 965 4164 ἕκαστος.

506 4340 519 4367 ⁰
537 4333 698 4405 llrucyd.2.
714 4346 811 4402 14‚15‚
827 4332 868 4385 16.
