2768 4876
162 357 317 401 ari-saxa.
374 334 724 420 ‘SarapioramEoolcsioe
739 336 776 400 dc
791 357 822 399 oo
829 334 993 418 judicium.
1145 335 1209 397 805

162 508 309 576 minime
327 505 442 574 dubiis
457 527 497 573 se
514 505 678 586 indicare,
697 502 753 572 vel
776 504 811 572 in
832 504 900 572 hoc
918 526 1057 595 quoque
1082 502 1208 571 humili

162 621 377 692 brevissimae
403 621 486 688 vitra
512 619 703 690 curriculo:
734 620 881 711 proinde
909 642 990 688 curn
1016 620 1149 710 pudore
1173 628 1210 687 et

163 750 263 809 metu
291 740 336 809 ab
365 737 528 808 omnibus
555 738 743 806 vivendum
771 758 856 815 esse,
880 746 1046 827 tanquam
1070 736 1107 804 in
1134 736 1209 826 ipso

164 855 341 926 vestibulo
360 855 543 924 sanctioris
561 853 742 944 cujusdam
760 853 868 944 adyti.

179 1017 181 1020 <
215 971 339 1062 Atque
364 971 438 1039 haec
468 971 519 1038 ita
542 969 647 1037 velim
675 968 836 1060 intelligi,
862 977 903 1036 ut
929 965 1062 1037 nullam
1091 976 1211 1037 tamen

163 1090 415 1158 auctoritatem
432 1086 577 1156 concedi
596 1086 710 1154 dicam
737 1108 758 1154 a
783 1084 1124 1179 majoribusnostris
1150 1107 1212 1152 ne·
1258 1072 1260 1075 ’

165 1227 235 1296 que
254 1203 445 1273 Poetarum
470 1201 574 1271 alicui
601 1224 716 1292 neque
735 1200 1039 1292 Philosophorum.
1092 1199 1213 1292 Nega-

166 1340 245 1386 mus
263 1318 376 1409 plane,
389 1317 498 1385 nimio
517 1316 697 1385 literarum
710 1339 830 1386 amore
844 1317 1036 1407 corrupisse
1051 1315 1211 1384 homines

168 1433 381 1514 Veritatem,
407 1433 541 1501 caelitus
569 1433 633 1501 sibi
662 1433 893 1502 commissam.
950 1432 1066 1501 Immo
1096 1431 1212 1522 palam

166 1558 204 1618 et
222 1558 343 1639 aperte
369 1549 539 1618 facessere
556 1549 686 1639 jubent
705 1547 886 1630 Ethnicos,
905 1549 998 1639 quod
1015 1548 1145 1620 attinet
1168 1547 1213 1615 ad

166 1666 373 1757 opinionum
400 1675 621 1734 comnrenta:
653 1664 759 1733 iidem
787 1687 869 1732 vero
896 1665 1042 1732 minime
1070 1672 1213 1755 negant,

167 1789 292 1849 extare
319 1781 412 1871 apud
441 1804 500 1850 eos
530 1781 707 1872 permulta
736 1788 868 1850 naturae
893 1780 1036 1870 judicia,
1064 1801 1212 1870 quorum

168 1895 234 1986 ipsi
260 1894 365 1988 longo
393 1920 459 1965 usu
490 1898 622 1965 fuerint
650 1897 789 1978 imbuti,
819 1920 859 1966 aa
890 1897 998 1965 tacite
1028 1897 1214 1987 praeparati

169 2011 212 2081 ad
231 2013 437 2102 sapientiam
459 2012 735 2103 concipiendam.

220 2126 314 2209 Quin
333 2138 370 2196 et
386 2127 537 2217 posteris
554 2150 695 2218 quoque
713 2127 931 2218 temporibus
955 2127 1068 2198 multo
1091 2127 1126 2195 in
1153 2126 1215 2194 ho-

169 2264 254 2311 nore
271 2241 431 2310 babitum
451 2243 558 2311 fuisse
577 2241 780 2334 Virgilium,
798 2248 839 2309 ut
862 2242 898 2309 in
920 2265 993 2310 aevo
1011 2241 1160 2332 simplici
1178 2253 1216 2312 et

170 2358 323 2438 indocto,
349 2358 547 2450 significant
566 2358 621 2426 vel
639 2381 690 2438 ea,
709 2381 785 2448 quae
804 2359 848 2426 de
865 2359 1002 2450 magica
1026 2359 1100 2449 ejus
1118 2360 1152 2427 vi
1176 2382 1216 2428 ao

168 2471 312 2543 solertia
332 2475 439 2543 toties
461 2473 701 2565 perhibentur.
747 2473 890 2564 Nempe
915 2496 985 2541 non
1011 2473 1080 2542 alia
1104 2474 1216 2566 magis

170 2590 206 2657 in
219 2590 367 2657 materie
381 2591 446 2658 sibi
463 2593 682 2680 placuerunt,
693 2590 753 2680 qui
767 2597 845 2658 tum
859 2589 1047 2658 narrabant
1061 2589 1217 2671 fabulam

170 2704 275 2796 plane
301 2705 391 2774 sicut
416 2707 452 2772 in
475 2702 623 2774 Oriente
650 2703 848 2773 Salomonis
875 2726 1004 2773 nornen
1024 2705 1142 2796 vigere
1160 2704 1216 2775 vel

170 2820 276 2889 hodie
293 2822 330 2888 in
348 2822 519 2911 ejusmodi
538 2821 748 2890 commentis
770 2821 898 2888 ferunt.
951 2817 1116 2889 Profecto
1134 2821 1218 2891 satis

170 2944 247 3004 erat
275 2944 563 3018 consentaneum,
589 2937 649 3027 qui
673 2934 817 3028 Orphea
840 2935 991 3026 quadam
1014 2941 1090 3003 arte
1116 2944 1220 3026 potu-

170 3050 263 3119 erint
280 3049 423 3121 flectere
441 3051 626 3120 doctorum
644 3053 791 3133 animos,
805 3050 945 3119 illorum
965 3050 1108 3118 nomina
1124 3051 1218 3141 apud

170 3166 332 3236 indoctos
354 3164 725 3258 magicis'quibusdam
752 3166 856 3236 saeris
882 3165 1063 3256 implicari.
1117 3165 1218 3257 Siqui

170 3291 292 3350 autem
310 3280 367 3348 vel
384 3280 445 3350 illo
464 3282 605 3363 saeculo,
623 3283 716 3373 quod
741 3283 881 3373 proprio
904 3283 1048 3350 nomine
1065 3281 1220 3372 appella-

170 3407 230 3466 tur
248 3393 437 3478 obscurum,
457 3396 512 3466 vel
535 3407 664 3487 postea,
683 3397 794 3466 literis
813 3398 1001 3490 viguerunt
1012 3398 1131 3489 ;-qui
1152 3399 1221 3489 pri-

170 3535 231 3581 mo
258 3513 401 3602 quidem
436 3513 617 3602 pauciores
647 3513 802 3594 fuerunt,
830 3521 910 3604 post
946 3513 1172 3583 millesimum
1200 3537 1221 3583 a

170 3629 332 3698 Ouarsro
350 3651 482 3697 annum
500 3628 754 3718 frequentiores
764 3630 918 3720 3-apud
937 3629 1015 3698 illos
1033 3640 1128 3698 certe
1146 3652 1222 3698 orn-

171 3767 235 3814 nes
252 3743 356 3811 unice
373 3745 484 3811 ferme
502 3744 703 3812 dominatus
720 3753 774 3813 est
794 3744 976 3836 Virgilius.
1029 3744 1136 3813 Illum
1161 3746 1222 3813 ad-

172 3861 364 3927 mirantur:
394 3858 524 3926 eximia
550 3882 695 3949 quaeque
721 3860 766 3928 ab
792 3859 885 3928 illius
911 3861 1049 3950 scriptis
1074 3862 1221 3929 recitare

172 3981 313 4041 amant:
342 3971 393 4039 illi
422 3994 490 4061 prae
514 3972 620 4041 choro
647 3972 809 4042 universo
837 3972 1068 4042 Ethnicorum
1090 3971 1222 4061 absque

173 4088 411 4157 controversia
445 4087 597 4178 primunr
628 4089 790 4157 tribuunt
819 4087 953 4156 locum.
1004 4086 1096 4169 Quid
1126 4087 1220 4176 quod

172 4202 434 4272 laudatissimus
453 4201 513 4270 ille
531 4202 677 4284 Dentes,
692 4200 875 4293 primarius
893 4224 964 4269 non
981 4200 1093 4269 solum
1110 4200 1223 4271 Poeta

171 4317 432 4386 verumetiam
460 4317 671 4409 Theologus,
694 4314 881 4386 Maronem
909 4317 1129 4407 potissimum
1154 4317 1225 4385 ele-
