2768 4876
78 312 129 355 nr..
140 313 231 353 xxrx.
291 291 425 376 cupario
439 290 580 375 quadum
594 291 631 354 do
645 290 706 374 ορίιι
720 291 845 354 rollone.
1015 295 1080 361 599

172 459 278 513 Ἑλλάδ’
292 460 327 514 ὣς
337 457 513 530 ἠλευθέρωσα,
524 459 648 528 μακαρίον
658 457 804 529 γενήσεται.

173 546 276 616 καὶγὰρ
289 545 351 600 οὐδέ
361 566 401 599 τοι
411 546 471 599 λίαν
482 545 516 616 γέ
525 567 570 615 μοι
581 546 746 616 φιλοψυχεῖν
756 549 848 615 χρεών·

173 635 239 686 πᾶσι
250 633 302 702 γάρ
313 631 339 701 μ’
360 633 464 700 Ελλησι
475 633 558 686 κοῖνθν
568 630 595 702 μ’
608 632 700 695 ἔτεκες,
712 633 771 702 οὐχὶ
784 633 828 686 σοὶ
838 635 911 702 μόνῃ.

173 717 243 770 ἀλλὰ
254 717 340 786 μυρίοι
352 717 398 786 μέν
410 716 500 786 ἀνδρές
511 717 622 771 ἀσπίσιν
632 717 820 788 πεφραγμένοι,

173 800 260 872 μύριοι
272 800 294 855 δ’
307 801 390 873 ἐρέτμ’
403 803 515 872 ἔχοντες,
527 803 651 873 πατρίδος
662 801 819 872 ἠδικημένης,

174 889 239 960 δρᾶν
250 911 274 943 τι
285 888 465 959 τολμήσουσιν
476 888 594 960 ἐχθροὺς,
606 890 690 960 χῦπέρ
698 889 826 945 Ἑλλάδος
838 889 930 951 θανεῖν,

174 974 189 1043 'l
202 974 224 1029 δ’
237 975 284 1045 ἐμδ
296 975 371 1046 ψυχὴ
383 974 418 1044 μί
431 974 507 1039 οὖσα,
519 977 602 1030 πάντα
614 975 727 1031 κωλύσει
738 976 799 1029 τάδε
806 997 814 1039 ;

176 1102 200 1116 ..
212 1103 218 1115 .
229 1060 304 1116 .άλλ’
316 1061 455 1133 ἀμήχανον·
474 1063 565 1133 δίδωμι
577 1069 652 1132 σῶμα
664 1063 757 1132 τοῦμάν
767 1061 885 1116 Ἑλλάδι.

173 1146 250 1211 θύετ’,
263 1148 410 1220 ἐκπορθεῖτε
422 1150 523 1219 Τροίαν·
541 1153 622 1204 ταῦτα
632 1151 682 1220 γὰρ
693 1150 802 1219 μνημεῖά
812 1171 862 1218 μου

173 1235 216 1288 διὰ
227 1239 334 1306 μακροῦ,
346 1236 388 1289 καὶ
398 1236 488 1291 παῖδες
499 1235 579 1300 οὗτοι,
592 1237 634 1289 καὶ
645 1237 732 1307 γάμοι,
745 1236 786 1288 καὶ
797 1234 851 1302 do?
864 1233 921 1304 ἐμη.

81 1345 208 1437 Atque
231 1348 268 1415 in
293 1346 389 1418 hisce
414 1349 652 1418 exscribendis
670 1373 712 1419 eo
730 1373 808 1419 sum
830 1349 975 1442 longior,
994 1371 1079 1438 quo-

78 1483 140 1545 ινα,
166 1470 207 1530 ut
232 1460 319 1530 mihi
339 1463 482 1554 quidem
508 1466 657 1546 videtur,
682 1465 757 1557 ipsa
784 1488 854 1556 praa
875 1487 912 1534 sc
934 1486 1079 1534 excusa-

78 1597 168 1646 ›nem
194 1577 313 1648 ferunt
339 1602 448 1662 suam,
472 1591 509 1650 et
534 1581 663 1650 mutati
690 1579 824 1651 consilii
850 1581 984 1650 crimen
1005 1603 1080 1649 ver-

78 1701 117 1760 nt
147 1691 185 1760 in
216 1692 357 1763 laudem
387 1717 459 1764 non
486 1696 679 1765 minimam.
732 1694 829 1764 Nam
853 1696 974 1787 quidni
1004 1695 1080 1764 fieri

79 1807 190 1876 tuisse
211 1807 423 1898 judicemus,
450 1811 548 1878 utin
574 1832 612 1878 re
639 1819 712 1878 tam
735 1818 843 1893 arcta,
869 1817 943 1878 tarn
970 1807 1079 1901 gravi,

78 1945 106 1992 m
133 1925 299 2015 praesenti
327 1923 484 1994 Deorum
511 1925 765 1995 immortalium
793 1924 962 2003 Numine,
987 1922 1081 1992 ultro

78 2039 195 2108 nirent
229 2039 291 2109 illa
324 2041 443 2110 omnia
475 2041 512 2109 in
547 2050 703 2110 mentem
738 2041 899 2132 ingenuae
931 2039 1080 2132 virginii

78 2154 227 2225 aesertim
245 2178 325 2246 quac
351 2178 397 2224 ne
423 2165 528 2225 antea
544 2156 689 2247 quidem
715 2156 799 2225 satis
825 2178 870 2235 ex
896 2154 1003 2223 animi
1027 2154 1081 2223 sui

78 2270 210 2339 atentia
230 2269 347 2340 flebile
371 2270 458 2340 illud
481 2280 519 2341 et
539 2272 719 2363 abjectum
739 2272 840 2362 (pace
859 2272 932 2362 ejus
951 2270 1080 2358 dicam)

78 2385 200 2454 oinissc
222 2386 394 2456 videatur.
447 2386 588 2480 Quippe
614 2389 665 2457 ita
690 2388 893 2478 conjectura
916 2385 1080 2478 equidem

78 2524 196 2595 goror,
214 2525 296 2572 cum
321 2503 451 2572 iterum
477 2505 678 2594 iterumque
701 2502 819 2595 relego
840 2502 1080 2571 suavissimam

78 2617 423 2688 rsoratiunculama.

209 2747 233 2800 εί
243 2748 290 2817 μέν
302 2749 347 2802 τδν
357 2747 478 2820 Ὀρφέως
489 2745 568 2819 εἶχον,
581 2748 703 2820 ὦπάτερ,
716 2751 798 2821 λόγον

207 2833 304 2888 πείθειν
316 2833 449 2904 ἐπᾴδουσ’,
462 2834 526 2890 aad
540 2837 659 2905 ὁμαρτεῖν
669 2856 714 2905 μοι
725 2835 829 2904 πέτρας,

210 2920 308 2975 ἐνταῦθ’
320 2919 351 2976 ἂν
362 2920 450 2990 ἦλθον·
470 2926 515 2976 νῦν
527 2923 564 2987 δέ,
578 2922 635 2977 τάπ’
650 2922 712 2992 ἐμοῦ
724 2924 799 2993 σοφά

208 3007 306 3079 δάκρυα
316 3008 428 3078 παρέξω·
448 3012 527 3063 ταῦτα
539 3009 589 3079 γὰρ
602 3007 729 3077 δυναιμεθ
741 3008 780 3062 ἅν.

78 3120 183 3192 ιείιιι
213 3121 464 3216 elegantissimi
491 3148 619 3205 versus,
647 3147 770 3195 vereor
795 3133 924 3204 tamen,
950 3145 996 3191 ne
1026 3143 1080 3190 sa-

78 3244 131 3307 mt
158 3236 300 3328 aliquod
327 3241 371 3309 de
397 3237 547 3309 rhetoris
573 3240 730 3320 officina3
761 3262 831 3329 qua
856 3247 931 3308 arte
959 3237 1080 3329 primis

93 3353 194 3423 annis
217 3355 396 3424 imbutum
414 3357 521 3426 fuisse
541 3358 642 3426 aiunt
660 3354 879 3446 Euripidem.
932 3353 1080 3422 Poterat

78 3468 156 3559 ique
180 3469 300 3560 puella
322 3471 449 3541 nobilis
467 3472 639 3563 ejusmodi
662 3472 872 3562 prooemium
892 3492 963 3538 non
982 3467 1079 3538 mala

78 3583 219 3654 hibere:
246 3586 274 3654 si
292 3587 398 3656 modo
421 3596 517 3657 recte
535 3588 753 3679 suspicamur
769 3609 848 3656 eam
866 3608 937 3654 uon
954 3593 1079 3676 sponte

78 3697 137 3788 lui,
156 3699 218 3767 sed
236 3707 404 3790 tanquam
422 3711 573 3771 amatre
591 3702 766 3772 edoctam.
817 3701 958 3770 Deinde
975 3721 1079 3769 cursu

78 3836 115 3896 ro,
133 3825 176 3882 ut
193 3813 244 3896 fit,
263 3826 371 3907 atque
389 3818 527 3908 impetu
544 3818 713 3887 sermonis
731 3817 787 3887 sui
803 3819 874 3886 cito
892 3815 1078 3895 calescens,

78 3930 228 4020 orumpit
246 3929 371 4013 milla,
391 3930 543 4000 Naturae
561 3933 704 4023 verique
720 3927 928 4024 propiorab:

205 4060 293 4127 πρώτη
306 4057 332 4111 σ’
345 4058 457 4112 ἐκάλεσα
468 4059 576 4128 πατέρα,
588 4061 629 4113 καὶ
642 4061 676 4115 σὺ
687 4061 756 4114 παῖδ’
770 4061 823 4129 ἐμέ·

206 4147 295 4213 πρώτη
307 4145 344 4208 δέ,
356 4147 450 4216 γονάσι
463 4150 536 4200 σοῖσι
549 4154 624 4217 σῶμα
637 4147 709 4202 δοῦσ’
723 4148 793 4217 έμδν,

137 4319 152 4348 ²
165 4311 222 4379 Ιμίι.
235 4311 262 4363 io
275 4312 332 4365 Aul.
350 4329 425 4367 1222.
787 4313 879 4367 bloio.
896 4331 971 4384 1231.
