2768 4876
172 318 236 384 682
282 319 387 404 Irrqrt‘o
401 317 543 381 Interett't‘
557 317 697 381 earmina
712 315 760 380 eol
765 316 835 401 piis
841 316 975 401 plorare.
1005 335 1219 378 srmxxxrv.

171 492 265 561 tatis.
304 489 452 559 Numen
469 488 535 559 etsi
554 510 625 557 nou
642 487 759 579 palam
777 487 933 567 laudant,
951 497 989 557 et
1006 510 1082 557 esse
1100 495 1222 556 tamen

170 614 209 674 et
225 605 347 674 adesse
368 627 439 673 non
461 626 539 674 raro
564 603 773 696 significant.
826 602 930 686 Quod
949 613 1072 673 eontra
1089 602 1221 673 Luere-

170 722 241 791 tius
258 728 378 790 noster
395 720 492 808 (nam
509 719 554 789 ad
572 741 655 788 eum
672 726 809 810 spectat
826 721 989 789 universa
1009 719 1084 789 haeo
1103 719 1222 812 dispu-

171 835 275 924 tatio)
295 833 433 903 disertis
451 834 566 903 verbis
590 840 697 925 negat
715 833 867 902 existere
892 834 929 901 in
955 833 1048 901 oaelis
1065 832 1220 923 aliquod,

170 949 269 1040 eujus
300 971 366 1040 ope
400 956 582 1018 terrestres
613 955 650 1017 et
683 947 846 1016 humanae
879 970 933 1016 res
965 957 1220 1038 temperentur.

171 1065 349 1134 Insaniam
376 1088 479 1156 porro
504 1065 609 1133 istam
636 1086 708 1132 nou
735 1063 844 1133 semel
874 1064 980 1132 modo
1006 1063 1219 1152 iterumque,

170 1179 269 1250 velut
294 1181 354 1270 qui
383 1179 480 1249 aliud
509 1180 595 1273 agit,
622 1180 777 1261 fatetur;
808 1179 919 1247 immo
949 1185 1065 1269 partes
1094 1200 1138 1247 ea
1162 1177 1222 1246 vel

170 1295 364 1385 praecipuas
382 1292 448 1362 sibi
466 1293 622 1363 vindieat
639 1292 750 1362 totius
768 1291 949 1361 Poematis
965 1290 1168 1383 argumenti
1178 1297 1203 1359 ⁸.

312 1443 440 1498 Humana
450 1452 511 1497 ante
523 1445 614 1498 oculor
627 1444 698 1498 loede
710 1461 773 1498 cum
784 1443 839 1497 vita
847 1444 945 1514 jaceret

312 1530 345 1584 In
357 1531 434 1584 terris
446 1548 574 1600 oppressa
585 1531 659 1600 gravi
670 1530 722 1584 sub
734 1530 869 1600 religione,

311 1616 380 1675 Quae
392 1625 472 1686 caput
484 1636 499 1671 e
509 1617 568 1670 eaeli
579 1617 733 1688 regionibus
745 1615 910 1680 ostendebat,

311 1703 441 1757 Horribili
454 1721 533 1774 super
545 1711 653 1774 aspectu
665 1703 821 1757 mortalibus
834 1703 946 1766 instans,

310 1789 432 1842 Primum
445 1789 541 1844 Graius
552 1790 634 1844 homo
646 1791 771 1844 mortales
783 1791 874 1844 tollere
886 1799 979 1844 contra

311 1875 361 1928 Est
373 1876 465 1929 oculos
477 1893 567 1940 ausus,
580 1876 736 1948 primusque
747 1875 875 1931 obsistere
886 1884 994 1930 contu:

311 1959 401 2018 Quem
412 1978 461 2016 nec
473 1962 545 2016 fama
557 1963 654 2025 Deum,
667 1979 716 2016 nec
728 1961 844 2032 fulgura,
856 1979 906 2015 nec
918 1961 1051 2015 minitanti

311 2046 452 2101 Murmure
463 2048 620 2118 compressit
630 2050 736 2112 caelum,
749 2047 796 2102 sed
808 2065 840 2102 eo
851 2049 936 2117 magis
948 2065 1037 2101 acrem

311 2133 444 2187 Virtutem
456 2134 540 2188 irritat
552 2135 642 2199 animi,
655 2135 820 2205 confringere
832 2142 863 2188 ut
874 2143 946 2187 arcta

310 2220 421 2273 Naturae
434 2220 536 2289 primus
548 2229 685 2290 portarum
697 2221 812 2274 claustra
823 2219 933 2288 eupiret.

310 2306 384 2376 Ergo
396 2306 485 2361 vivida
495 2308 536 2361 vis
549 2308 631 2361 animi
641 2306 760 2378 pervicit,
772 2314 799 2360 et
811 2314 885 2360 extra

311 2390 444 2446 Processit
455 2395 535 2464 longe
546 2393 709 2448 flammantia
719 2394 818 2447 moenia
829 2392 933 2456 mundi,

309 2476 399 2548 Atque
411 2496 490 2532 omne
501 2480 664 2534 immensum
675 2480 824 2551 peragravit
835 2487 924 2533 mente
936 2479 1092 2549 animoque:

312 2563 393 2617 Unde
404 2566 483 2618 refert
495 2565 573 2620 uobis
585 2567 670 2620 vietor
682 2565 747 2637 quid
758 2566 843 2635 possit
855 2565 926 2627 oriri,

311 2648 385 2707 Quid
398 2660 510 2722 nequeat
517 2674 525 2715 ;
545 2653 619 2706 finita
630 2660 746 2723 potestas
760 2652 873 2723 denique
885 2652 1000 2723 quoique

311 2734 436 2793 Quanam
448 2737 483 2790 sit
494 2738 603 2801 ratione,
617 2746 695 2809 atque
707 2739 759 2791 alte
769 2739 899 2792 terminus
911 2738 1025 2792 haerens.

312 2821 401 2879 Quare
415 2823 517 2892 Religio
529 2823 642 2892 pedibus
655 2822 773 2893 subjecta
784 2824 901 2877 vicissim

311 2905 450 2960 Obteritur
456 2929 465 2968 ;
484 2925 534 2962 uos
547 2916 667 2979 exaequat
678 2908 788 2962 victoria
799 2909 872 2962 caelo.

170 3032 251 3102 Hoe
276 3033 364 3103 illud
390 3044 473 3118 erat,
486 3038 586 3127 'quod
610 3039 704 3129 apud
730 3060 813 3107 eum
838 3060 917 3106 uara
941 3059 982 3105 ae
1008 3034 1218 3105 venerabilis

168 3149 365 3219 habebatur
398 3151 538 3243 Epicuri
568 3153 722 3223 familia:
763 3154 854 3223 hane
888 3153 1090 3233 admiratur,
1126 3152 1217 3221 hane

167 3274 273 3346 amat,
292 3265 397 3357 hujus
413 3270 586 3338 rationem
604 3271 721 3361 pueris
739 3270 951 3359 senibusque
968 3268 1217 3337 commendare

167 3387 205 3448 et
224 3380 361 3450 tradere
377 3381 479 3452 solet.
517 3382 550 3453 Ο
564 3407 639 3454 rem
653 3385 810 3454 odiosam
828 3393 866 3453 et
879 3383 1067 3453 molestam
1079 3381 1217 3472 !-quis

168 3504 275 3588 neget
285 3495 386 3566 l-at
409 3498 540 3591 legitur
563 3508 694 3583 tamen,
712 3510 750 3570 at
767 3500 944 3580 ediscitur,
962 3508 999 3568 at
1025 3500 1215 3567 recitatur:

166 3609 277 3678 immo
296 3609 413 3680 looum
440 3614 506 3681 sibi
532 3615 662 3683 meruit
680 3614 739 3683 vix
757 3616 944 3704 uniatque
964 3613 1065 3682 alteri
1092 3634 1217 3681 seeun-

166 3725 251 3793 dum
270 3727 363 3817 apud
381 3727 536 3798 fautores
550 3727 702 3798 Poeseos
720 3752 801 3798 vere
819 3729 956 3797 divinas.
1008 3727 1045 3796 Is
1063 3727 1216 3817 denique

166 3840 322 3929 optimus
350 3840 500 3911 habetur
529 3841 676 3912 Naturae
702 3844 863 3912 minister
886 3852 923 3911 et
948 3844 1133 3932 interpres,
1155 3842 1215 3931 qui

165 3959 203 4020 et
221 3956 393 4045 principio
411 3959 506 4025 omni
525 3964 562 4026 et
580 3959 679 4026 exitu
700 3956 839 4025 nullum
862 3979 898 4026 se
921 3958 1058 4026 novisse
1084 3954 1217 4048 signifi-

160 4074 224 4135 ¹eet
242 4067 399 4157 ejusdem
419 4070 566 4140 Naturae
584 4070 781 4140 Auctorem
800 4079 836 4140 et
854 4071 1053 4141 Arbitrum.
1104 4069 1216 4139 Plana

587 4313 602 4340 ⁸
620 4303 698 4357 Luer.
715 4319 738 4356 1.
752 4303 795 4372 63.
