2768 4876
172 359 382 402 aamxxxrr.
401 341 464 402 Gur
475 338 597 422 puroet
611 340 727 402 AEneoe
741 338 786 401 ud
798 338 931 402 Itob'orn
944 329 1096 423 appulsus
1154 342 1218 409 729

173 510 311 600 injuria:
338 532 420 578 narn
438 519 475 579 et
493 508 615 578 Poetae
632 508 719 577 nihil
745 509 923 600 antiquius
941 510 1048 579 luisse
1066 518 1215 580 constat.

173 627 304 694 Audite
328 648 431 707 vero;
460 635 497 694 et
519 625 658 693 veniam
685 625 777 703 date,
800 626 904 693 nimis
930 633 1015 694 nota
1040 628 1215 716 repetenti

173 741 361 808 carminat

308 885 422 957 Jamque
434 885 592 940 rubescebat
604 885 684 940 radiis
696 904 777 950 mare,
790 895 816 939 et
828 886 925 940 aethere
936 885 970 939 ab
983 887 1036 939 alto

308 973 413 1027 Aurora
424 973 452 1026 in
464 973 547 1028 roseis
559 973 678 1043 fulgebat
689 975 761 1026 lutea
772 973 852 1043 bigis,

310 1059 380 1113 Cum
393 1060 464 1114 venti
476 1077 596 1128 posuere,
610 1060 749 1130 omnisque
760 1067 867 1129 repente
879 1058 976 1112 resedit

309 1143 408 1207 llatus,
421 1153 448 1198 et
459 1145 488 1198 in
498 1147 571 1199 lento
583 1147 719 1199 luctantur
731 1162 861 1199 marmore
873 1155 967 1199 tonsae.

308 1231 396 1301 Atque
408 1229 451 1284 bic
464 1231 565 1286 AEneas
576 1232 712 1302 ingentem
724 1249 756 1284 ex
768 1249 874 1302 aequore
885 1233 977 1284 lucum

309 1316 454 1385 Prospicit:
472 1316 544 1370 hunc
557 1318 625 1370 iuter
636 1317 718 1370 fluvio
726 1316 875 1387 Tyberinus
888 1334 1002 1381 amoeno,

308 1403 460 1458 Vorticibus
472 1403 570 1473 rapidis
584 1413 609 1456 et
621 1405 705 1456 multa
717 1403 801 1456 flavus
813 1420 900 1466 arena,

310 1489 342 1542 lu
353 1507 425 1542 mare
437 1490 587 1559 prorumpit
598 1509 604 1542 ε
623 1489 702 1543 variae
714 1488 867 1559 circumque
879 1506 1020 1560 supraque,

307 1574 428 1628 Assuetae
440 1575 504 1644 ripis
517 1576 637 1629 volucres
650 1582 676 1627 et
687 1574 804 1628 fluminis
817 1575 899 1637 alveo,

306 1661 418 1716 AEthera
430 1660 582 1715 mulcebant
594 1668 683 1723 cantu,
695 1662 809 1731 lucoque
820 1660 954 1714 volabant.

307 1747 421 1802 Flectere
433 1748 482 1801 iter
494 1748 580 1810 sociis,
593 1756 722 1817 terraeque
734 1746 868 1800 advertere
880 1764 972 1815 proras

307 1833 431 1903 Imperat,
444 1844 470 1887 et
481 1835 559 1888 laetus
572 1834 653 1887 fluvio
666 1832 784 1886 succedit
795 1850 887 1901 opaco.

170 1952 321 2024 Mulceri
342 1957 446 2048 plane
464 1968 500 2026 et
518 1958 629 2049 abripi
649 1958 807 2026 videmus
825 1957 1040 2048 Scriptorem
1060 1958 1210 2028 delicato

168 2067 228 2136 rivi
247 2072 416 2162 margine,
435 2081 472 2141 et
488 2070 584 2141 flexu
603 2071 787 2164 sylvarum,
806 2080 844 2140 et
861 2073 1073 2141 marinarum
1092 2075 1209 2143 avium

169 2202 272 2253 voce:
299 2185 359 2275 qui
380 2196 504 2255 cantus
527 2188 594 2256 etsi
620 2210 689 2255 non
717 2187 806 2255 adeo
829 2187 875 2255 sit
899 2186 1069 2267 amabilis,
1088 2197 1124 2256 at
1148 2211 1211 2257 sua

168 2303 285 2366 tamen
304 2301 449 2370 minime
467 2311 562 2370 caret
582 2309 776 2382 venustate,
794 2311 938 2392 propter
954 2324 1086 2370 nexum
1104 2325 1209 2392 quem

167 2410 275 2481 babet
302 2417 486 2514 arctiorem
512 2441 593 2486 cum
624 2419 793 2485 memoria
821 2416 1134 2508 pulcherrimorum
1160 2417 1211 2486 lo-

166 2548 307 2597 corum:
334 2551 379 2598 ne
397 2530 488 2600 forte
514 2533 700 2612 miremini,
718 2528 860 2601 mulceri
885 2554 948 2623 per
972 2555 1053 2600 eum
1072 2529 1209 2602 retbere.

166 2641 238 2712 Sed
262 2645 443 2737 abripitur,
461 2647 614 2738 inquam,
633 2648 708 2715 istis
726 2645 859 2716 deliciis
877 2645 1009 2714 Poeta:
1037 2645 1211 2717 oblivisci-

165 2768 223 2826 tur
245 2758 290 2827 ad
318 2769 457 2853 tempus
478 2784 653 2830 armorum
681 2769 718 2830 et
744 2759 878 2830 consilii
904 2760 1047 2851 publici,
1071 2760 1209 2830 Romae-

164 2896 233 2964 que
250 2877 358 2944 etiam
383 2877 487 2946 modo
511 2877 713 2946 nasciturae:
741 2884 841 2944 tanta
864 2875 991 2944 fruitur
1013 2898 1208 2959 nemorum,

165 2990 279 3070 maris,
298 2990 395 3059 fluvii
413 2990 609 3060 dulcedine.

215 3102 322 3185 Quid,
340 3105 434 3196 quod
453 3106 578 3175 eodem
604 3113 685 3197 post
713 3104 831 3197 paullo
849 3104 950 3185 redit,
969 3112 1093 3173 nactus
1110 3127 1210 3174 occa-

164 3219 298 3287 sionem
317 3243 338 3287 a
355 3221 468 3290 vicina
485 3221 666 3291 Arcadum
681 3219 826 3300 colonia,
839 3219 1008 3310 laetusque
1026 3243 1066 3288 ac
1084 3218 1208 3289 lubens

164 3352 201 3399 se
231 3332 357 3422 recipit
385 3357 405 3402 e
435 3335 600 3404 castrensi
632 3333 800 3414 tumultu,
827 3334 863 3401 in
893 3335 1004 3423 ripam
1034 3342 1141 3423 atque
1170 3334 1207 3401 in

163 3445 304 3515 alveum
328 3448 493 3517 taciturni
516 3448 653 3518 amnis?
694 3447 814 3516 Missis
835 3446 1000 3516 videlicet
1023 3447 1068 3516 ad
1092 3447 1207 3516 Evan-

163 3560 265 3630 drum
283 3561 408 3655 legatis
419 3573 445 3645 (1,

302 3700 399 3770 Tybris
411 3719 442 3756 ea
452 3701 572 3766 fluvium,
586 3720 666 3774 quam
677 3704 759 3772 longa
770 3713 818 3766 est,
830 3712 907 3757 nocte
919 3710 1066 3757 tumentem

304 3785 399 3850 Leuiit,
412 3795 438 3840 et
449 3788 528 3841 tacita
539 3788 652 3841 refluens
664 3789 702 3841 ita
713 3788 832 3841 substitit
843 3788 924 3851 unda,

304 3872 379 3926 Mitis
392 3882 422 3927 ut
434 3875 462 3927 iu
474 3892 575 3928 morem
588 3875 675 3943 stagni
687 3872 849 3945 placidaeque
860 3873 964 3944 paludis

304 3958 437 4014 Sterneret
448 3978 540 4032 aequor
551 3962 635 4031 aquis,
648 3978 721 4014 remo
734 3969 764 4014 ut
775 3963 908 4014 luctamen
920 3960 1032 4015 abesset.

304 4044 377 4115 Ergo
389 4046 438 4099 iter
449 4045 584 4115 inceptum
597 4056 728 4116 peragunt
739 4064 846 4100 rumore
858 4045 991 4100 secundo:

304 4128 414 4184 Labitur
426 4140 506 4184 uncta
518 4131 592 4184 vadis
605 4131 692 4185 abies:
712 4132 842 4185 mirantur
854 4140 879 4184 et
891 4131 980 4193 undae,

232 4337 321 4390 rma.
336 4351 360 4408 7.
375 4354 417 4406 25.
841 4340 1028 4394 araucas.
