2768 4876
179 327 267 372 rouo.
278 329 377 371 xxxu.
426 316 491 370 tum
504 305 613 391 quietio
626 304 699 388 ejus,
715 313 779 368 tum
792 305 901 370 niuniu
911 307 1028 391 oratio.
1159 305 1224 372 655

314 475 388 530 Nom
398 474 503 529 modice
513 473 604 538 fluere,
617 481 696 545 atque
707 491 763 529 uuo
775 491 854 545 posse
866 474 979 529 AEthera
990 475 1062 539 nisu,

316 562 454 634 Significat
464 561 541 631 ponti
552 578 634 625 mare,
647 569 719 616 certo
732 559 805 632 quod
817 560 876 615 fluit
887 569 965 625 testu,

314 649 411 704 Unum
420 647 529 703 labendi
541 664 702 703 conservans
713 665 799 719 usque
811 655 940 701 tenorem.

222 781 313 852 Haec
330 805 430 852 more
447 790 588 851 tuntum
605 804 676 850 uon
691 779 921 850 Aristotelico
935 780 1078 851 extulit.
1114 781 1227 875 Quip-

164 921 216 990 pe
245 897 453 969 Aristotelis
483 897 660 967 sententio
689 905 776 977 erat,
802 894 892 965 nulli
922 919 1077 986 uuquam
1108 906 1226 967 muta-

165 1013 261 1082 tioni
282 1013 477 1083 obnoxium
500 1012 575 1082 fore
601 1033 717 1102 neque
742 1011 864 1081 orbem
891 1034 1081 1103 supernum
1107 1036 1224 1105 neque

167 1127 263 1197 ullos
289 1128 364 1219 ejus
389 1126 521 1196 incolas
533 1136 558 1195 ⁰.
598 1123 677 1194 Odi
703 1125 795 1194 ἔστιν
821 1122 944 1198 οὐδενὸς·
970 1123 1098 1207 οὐδεμία
1124 1157 1226 1208 μετα-

168 1241 261 1328 βολὴ
291 1245 357 1312 τῶν
386 1237 449 1309 iud
479 1240 540 1322 τὴν
570 1236 724 1334 ἐξωτάτω
753 1240 963 1330 τεταγμένων
989 1237 1110 1337 φοράν·
1144 1244 1224 1312 ἀλλ’

170 1355 383 1427 ἀναλλοίωτα
403 1356 455 1426 καὶ
477 1356 600 1439 ἇταθῆ,
617 1355 677 1438 τὴν
693 1355 834 1452 ἀρίστην
850 1356 973 1450 ἔχοντα
996 1353 1078 1455 ζώην
1094 1357 1146 1426 καὶ
1163 1359 1223 1440 τὴν
1277 1365 1281 1372 ’

171 1468 440 1568 αὐταρκεστάτην
458 1469 603 1541 διατελεῖ
618 1469 679 1541 τὸν
695 1468 829 1541 ἅπαντα
847 1473 955 1541 αι’ὧνα.
1007 1471 1113 1543 Adeo
1131 1495 1224 1544 som·

171 1588 347 1657 uiantium
380 1610 521 1678 quoque
534 1585 849 1679 ‘philosophorum
887 1585 1019 1678 placita
1052 1587 1222 1659 divinitus

173 1702 433 1792 quodammodo
466 1725 537 1794 prae
571 1725 609 1772 se
643 1701 804 1771 ferebant
838 1700 1130 1795 significationem
1161 1701 1224 1772 ali-

174 1838 278 1906 quam
296 1817 527 1887 sunctissimae
546 1817 717 1887 veritatis.

222 1931 354 2024 Neque
374 1932 444 2003 alio
470 1933 648 2024 pertinere
674 1930 852 2001 videbitur
877 1932 1108 2001 decantatum
1134 1931 1223 2002 iilud

176 2046 217 2116 de
234 2047 314 2118 Diis
332 2047 476 2140 Epicuri
494 2070 636 2118 carmen
651 2043 671 2114 f.

313 2184 409 2239 Omnis
422 2185 494 2238 enim
506 2202 552 2255 per
565 2202 593 2238 se
606 2185 709 2238 Divum
721 2192 816 2238 natura
827 2201 936 2237 necesse
948 2191 989 2237 est

314 2271 461 2326 immortali
472 2289 531 2326 aevo
543 2289 649 2326 summa
661 2289 724 2325 cum
736 2287 800 2340 pace
811 2270 924 2324 fruatur.

312 2357 383 2412 Nam
394 2359 497 2428 privata
509 2358 600 2413 dolore
612 2359 695 2422 omni,
707 2358 810 2428 privata
821 2356 935 2426 periclis,

313 2443 376 2514 Ipse
387 2444 443 2498 suis
456 2445 558 2514 pollens
570 2444 676 2514 opibus,
689 2443 756 2497 nihil
767 2442 859 2513 indiga
870 2443 965 2506 nostri,

312 2530 369 2585 Nec
381 2530 449 2586 boue
460 2529 611 2601 promeritis
623 2530 735 2600 capitur,
748 2547 797 2583 nec
809 2530 928 2600 tangitur
939 2530 987 2582 ira.

220 2650 340 2733 Portu,
358 2652 419 2743 qui
436 2659 511 2721 tam
528 2651 656 2743 cupido
674 2673 779 2720 cursu
802 2649 939 2742 prosilit
957 2650 1220 2741 quodammodo

173 2766 206 2836 in
223 2767 378 2858 spatium
398 2767 502 2836 inane
520 2765 696 2850 coelorum,
712 2766 842 2836 mirum
866 2765 903 2833 ni
928 2765 1023 2834 idem
1044 2765 1221 2858 praeoipue

172 2882 323 2973 gaudeat
344 2881 423 2952 luce
445 2883 553 2951 etiam
576 2905 698 2952 eorum
722 2893 760 2951 et
785 2880 935 2972 simplici
962 2882 1088 2950 nitore.
1141 2880 1222 2963 Quo

173 2994 206 3064 in
235 2996 384 3066 materie
418 2997 623 3088 primarium
652 2996 741 3066 illud
768 2997 813 3065 de
844 2996 1013 3065 continuo
1044 2995 1221 3065 radiorum

172 3109 289 3195 fluxu;
316 3113 553 3203 quodetiam,
578 3114 669 3183 sicut
694 3112 809 3182 muita
834 3112 928 3203 apud
954 3119 1127 3194 nostrum,
1148 3133 1219 3179 non

172 3227 262 3297 mule
280 3229 451 3319 quadrare
468 3228 608 3298 videtur
625 3252 706 3297 cum
727 3228 898 3297 hodierna
915 3227 1141 3320 physicorum
1164 3249 1219 3295 ra-

173 3343 267 3413 tione
277 3354 304 3411 Β.

453 3438 641 3511 Quodcunque
653 3439 713 3493 fluit
726 3437 860 3501 derebus,
873 3437 901 3490 id
913 3455 992 3491 omne

310 3524 387 3578 Aeris
400 3525 429 3578 in
440 3543 570 3596 maguum
581 3525 665 3579 fertur
676 3543 764 3579 mare:
784 3524 830 3596 qui
842 3525 895 3578 nisi
907 3532 1000 3578 contra

311 3609 430 3680 Corpora
441 3612 569 3666 retribuat
580 3613 670 3676 rebus,
683 3620 833 3681 recreetque
845 3611 966 3674 fluentes,

311 3695 411 3751 Omnia
418 3698 475 3768 jam
486 3699 603 3752 resoluta
614 3698 709 3761 forent,
721 3705 747 3750 et
759 3697 786 3750 in
800 3700 860 3750 airu
871 3713 957 3751 versa.

311 3781 394 3835 Haud
405 3781 487 3852 igitur
499 3790 584 3836 cessat
596 3783 671 3853 gigni
683 3781 716 3835 de
728 3781 817 3846 rebus,
830 3794 856 3835 et
868 3782 897 3834 in
909 3799 951 3835 res

310 3866 436 3920 Recidere
447 3867 562 3931 assidue,
576 3869 703 3940 quoniam
714 3868 795 3922 fluere
807 3867 897 3922 omnia
908 3876 1021 3921 constat.

309 3951 413 4023 Largus
425 3954 489 4008 item
500 3953 596 4026 liquidi
606 3954 667 4008 sons
680 3955 797 4017 luminis,
810 3953 949 4008 AEtherius
963 3953 1019 4016 Sol,

307 4037 405 4108 Irrigat
417 4038 524 4108 assidua
536 4041 631 4093 coelum
643 4039 757 4093 candore
769 4040 876 4103 recenti,

309 4123 519 4196 Supoeditatque
531 4141 601 4178 novo
614 4124 753 4178 confestim
765 4124 865 4178 lumine
876 4126 976 4178 lumen.

203 4307 213 4331 ‘
224 4300 266 4354 De
278 4300 387 4354 Mundo.
564 4300 662 4354 ¹Lucr.
679 4318 700 4354 1.
715 4314 758 4371 57.
937 4300 1030 4354 gibid.
1043 4318 1068 4354 v.
1084 4301 1143 4371 276.
