2768 4876
161 309 336 364 mmm.
424 301 700 386 raptareadaam
714 301 926 386 Mytlolopt'co.
1135 302 1199 368 615

159 477 316 561 tempore
345 469 454 540 fuerit
487 471 747 565 elegantissima
775 473 967 542 formarum
996 474 1199 564 spectatrix,

157 584 304 654 eandem
330 585 419 654 nihil
443 585 571 656 vidisse
593 586 630 655 iu
651 585 799 656 Naturae
822 587 980 658 deliciis?
1005 610 1087 657 cum
1109 608 1201 678 prae·

154 701 276 770 sertim
293 701 390 771 idem
408 701 519 771 ferme
543 702 588 772 sit
609 702 646 771 in
668 711 819 794 utroque
835 725 965 796 genere
982 703 1061 773 fons
1077 702 1200 795 volup-

154 816 247 886 tatis.
302 815 400 887 Nam
420 825 458 886 et
482 817 623 888 arbores
640 828 824 909 quassatae,
842 827 880 888 et
900 820 1048 889 nubium
1070 817 1199 910 lapsus,

154 939 191 999 et
215 954 400 1022 aquarum,
424 932 570 1002 mirifice
591 934 851 1023 quodammodo
877 935 1093 1003 conveniunt
1117 955 1200 1002 cum

153 1047 312 1138 gestibus
338 1048 535 1130 homiuum,
559 1048 805 1118 formosiorum
835 1050 978 1140 quidem
1008 1057 1126 1132 certe3
1162 1058 1200 1119 et

155 1163 253 1231 vomi
275 1163 350 1232 sive
370 1163 538 1234 caelorum
559 1164 634 1233 sive
650 1163 776 1233 florum
793 1163 928 1235 colores
952 1188 1023 1257 prae
1049 1187 1086 1234 se
1109 1164 1200 1234 ferre

155 1279 319 1347 videntur
349 1279 458 1349 vitale
486 1280 605 1350 nescio
631 1280 715 1371 quid
745 1303 786 1349 ac
812 1290 990 1373 vegetum.
1044 1276 1104 1349 Ex
1129 1303 1200 1371 quo

154 1392 397 1488 intelligimus,
415 1395 573 1486 ejusdem
596 1395 671 1464 fore
693 1396 837 1489 ingenii,
855 1395 928 1466 sive
946 1397 1023 1486 quis
1046 1395 1200 1488 pulchri-

155 1509 316 1579 tudinem
345 1501 549 1593 formarum,
574 1511 648 1580 sive
678 1509 844 1581 oaelorum
873 1519 1047 1601 terraeque
1070 1510 1199 1601 ¹laciem
1302 1518 1305 1525 ’

155 1623 245 1694 bene
267 1633 375 1716 atque
399 1626 504 1695 docte
524 1625 661 1695 calleat.
714 1625 833 1708 Quare
853 1624 976 1708 nolite,
994 1647 1120 1716 quaeso,
1137 1647 1200 1694 ex-

155 1738 319 1820 istimare,
338 1762 419 1830 quae
442 1740 549 1833 regio,
572 1762 693 1830 quaeve
719 1746 803 1808 aetas
824 1739 989 1809 Phidiam
1014 1740 1137 1809 tulerit
1162 1749 1199 1810 et

155 1852 333 1944 Apellem‚
350 1856 498 1925 eandem
524 1855 623 1925 nullo
645 1879 766 1926 amore
783 1864 923 1948 captam
949 1857 1078 1927 intueri
1096 1865 1200 1948 potu-

154 1967 220 2038 isse
237 1991 328 2052 rura,
345 1969 469 2061 sylvas,
484 1970 641 2040 flumina

202 2080 310 2164 Quid,
328 2105 400 2172 quo
417 2090 585 2174 tauquam
602 2083 663 2153 lilo
680 2084 904 2154 deducuntur
921 2082 1049 2154 fabulae
1067 2106 1198 2166 omnes,

155 2219 239 2288 quas
255 2206 443 2290 tantopere
460 2206 581 2268 amant
599 2197 737 2268 Graeci?
768 2222 884 2268 nonne
902 2201 953 2270 ita
970 2200 1014 2268 de
1033 2198 1111 2269 Diis
1129 2201 1200 2270 suis

155 2325 190 2383 ot
209 2313 389 2384 Heroibus
406 2314 462 2384 vel
485 2315 618 2407 fingere
636 2314 693 2384 vel
711 2315 874 2383 somniari
896 2315 1020 2395 solent,
1038 2322 1079 2382 ut
1096 2314 1199 2384 facile

155 2452 321 2522 agnoscas
347 2430 508 2500 homines
533 2430 599 2499 sub
626 2430 684 2502 dio
707 2430 818 2498 vitam
843 2438 998 2521 agentes,
1025 2439 1063 2498 et
1088 2431 1200 2500 liben-

155 2552 208 2613 ter
220 2543 389 2635 quidem?
440 2543 559 2627 Quid?
591 2542 839 2636 Nympharum
856 2544 949 2634 apud
968 2565 1028 2612 eos
1044 2542 1198 2626 familiae,

156 2658 322 2741 Naiadas,
343 2659 513 2751 Dryades,
532 2657 697 2740 Oreades,
716 2667 864 2741 caeterae,
882 2659 967 2749 quin
985 2667 1022 2726 et
1040 2657 1101 2726 Dii
1125 2682 1200 2728 om-

153 2797 214 2845 nes
239 2773 398 2866 Deaeque
422 2776 599 2844 minorum
624 2775 795 2866 gentium,
823 2795 940 2842 noune
965 2773 1098 2842 habeut
1125 2773 1200 2866 ple-

152 2912 302 2982 rumque
327 2889 617 2982 significationem
643 2891 791 2958 minime
817 2889 1000 2959 obscuram
1021 2891 1136 2981 gentis
1162 2892 1199 2960 iu

153 3005 332 3076 Naturam
351 3005 520 3075 intentae?
572 3005 659 3097 Ejus
676 3005 820 3095 quidem
844 3007 1028 3074 sententiae
1054 3028 1123 3074 uon
1150 3005 1200 3075 le-

151 3143 232 3190 vem
267 3121 438 3191 habemus
472 3130 663 3202 auctorem,
694 3121 756 3190 sed
791 3129 828 3189 et
862 3121 1008 3190 doctum
1042 3130 1079 3189 et
1110 3122 1199 3191 ruris

150 3239 317 3329 peritum,
334 3247 371 3307 et
390 3236 551 3319 Poeseos,
568 3237 635 3306 hac
658 3244 754 3305 certe
780 3236 959 3316 memoria,
977 3235 1080 3305 facile
1105 3237 1200 3328 priu-

150 3353 278 3444 oipem.
331 3351 391 3422 Sic
421 3352 516 3421 enim
551 3352 677 3421 statuit
708 3352 761 3419 vir
790 3351 962 3419 eximius:
998 3352 1105 3420 modo
1135 3374 1198 3421 nos

149 3476 248 3536 recte
265 3466 444 3558 capiamus
461 3468 537 3558 ejus
554 3467 680 3536 verba:
711 3465 932 3534 “Rationem
951 3487 1092 3533 omnem
1119 3463 1199 3533 reli-

148 3582 264 3673 gionis
281 3579 480 3652 Hellenicae
504 3580 560 3650 vel
587 3581 761 3673 praecipue
783 3603 828 3648 ex
855 3603 897 3648 eo
921 3580 1085 3671 pendere,
1103 3580 1198 3670 quod
1276 3613 1279 3619 ·

149 3696 331 3789 elegantes
354 3706 392 3766 et
411 3697 508 3767 acuti
530 3696 701 3778 hominm,
719 3719 801 3786 quae
826 3695 955 3786 passim
976 3695 1067 3763 foras
1092 3704 1198 3764 nocte

149 3811 278 3902 dieque
304 3813 485 3894 sentirent,
504 3812 712 3893 veneranda,
738 3809 895 3902 pulchra,
923 3808 1118 3901 splendida,
1136 3808 1198 3879 illa

148 3927 267 3995 omnia
277 3927 478 3996 notaverint
487 3927 587 4018 quasi
597 3927 697 4018 signa
706 3925 934 4016 praesentium
942 3923 1111 3993 Deorum.
1139 3922 1197 3992 Ex

148 4064 218 4132 quo
236 4040 403 4111 effectum
421 4063 506 4123 esse,
524 4049 565 4109 ut
583 4039 735 4110 totidem
753 4039 910 4108 colerent
928 4037 1098 4120 Numina,
1109 4046 1197 4128 quot

148 4156 294 4227 haberet
312 4180 429 4226 rerum
451 4157 591 4226 Natura
612 4157 685 4224 sive
709 4155 904 4224 formidinis
920 4177 983 4224 seu
1001 4155 1196 4224 venustatis
