2768 4876
208 304 274 366 524
363 304 536 368 Pindarum
550 327 617 368 etna
625 307 734 391 palen
747 308 888 371 cebetem
903 309 1027 373 herim:
1062 331 1162 372 rann.
1174 329 1260 370 xx-vr.

210 476 323 544 cuisse
358 479 582 556 sententiam,
611 499 681 546 non
713 480 816 548 unius
847 502 962 571 neque
995 482 1115 573 gentis
1144 505 1260 573 neque

209 589 337 660 saeculi.
391 589 486 661 Hinc
505 615 644 683 eaquae
664 592 835 664 Horatius
853 596 896 664 de
915 618 952 665 se
970 605 1109 667 narrat:

501 761 512 784 ¹²
525 752 604 806 Ludo
616 753 809 826 fatigatumque
822 773 926 819 somno,

633 841 737 894 Fronde
748 859 818 895 nova
830 860 943 912 puerum
955 845 1096 913 palumbes

419 926 535 980 'l'exeret
554 928 653 981 mimm
666 928 738 999 quod
750 927 818 981 foret
830 928 975 992 omnibus„
986 971 992 984 .
1005 971 1010 983 .
1022 972 1028 984 .

421 1012 460 1065 Ut
473 1021 531 1065 tuto
543 1012 577 1065 ab
590 1014 653 1067 atris
667 1031 776 1084 corpore
788 1015 886 1084 viperis

421 1099 573 1152 Dormircm
585 1109 612 1153 et
623 1101 711 1164 ursis;
730 1110 761 1154 ut
773 1120 906 1171 premerer
918 1121 993 1157 sacra

457 1184 607 1257 Lauroque,
620 1189 766 1259 collataque
778 1197 875 1259 myrto,

491 1272 555 1325 Non
568 1273 625 1326 sinc
638 1273 688 1327 Dis
700 1274 837 1328 animosus
848 1275 945 1329 inians.

209 1415 305 1486 Hinc
327 1441 369 1486 ea
385 1442 466 1509 quae
485 1419 590 1511 vulgo
614 1419 706 1510 apud
733 1442 797 1488 nos
823 1419 1053 1511 perhibentur
1075 1422 1121 1492 de
1148 1446 1257 1514 puero

208 1534 359 1622 quodam
387 1544 425 1602 et
454 1534 584 1626 puella,
611 1535 738 1626 quibus
765 1536 802 1603 in
828 1535 925 1618 silva,
952 1537 1047 1606 fame
1074 1546 1112 1607 et
1139 1561 1256 1608 errore

208 1649 390 1731 confectis,
404 1651 504 1740 copia
519 1649 695 1720 frondium
711 1649 838 1719 ultima
855 1651 1036 1720 solverunt
1049 1675 1141 1722 aves.
1197 1653 1257 1723 Sic

208 1776 327 1834 autem
346 1765 527 1857 intellig03
552 1766 693 1836 subesse
712 1767 906 1836 istiusmodi
928 1767 1001 1837 sive
1019 1768 1163 1838 somniis
1182 1771 1257 1840 sive

208 1880 397 1951 historiolis
426 1883 716 1975 significationem
741 1882 895 1974 aliquam
919 1907 991 1952 non
1015 1883 1104 1952 adeo
1131 1884 1257 1954 obscu-

209 2019 281 2065 ram
301 2021 462 2088 supemae
481 1998 581 2068 Illius
604 1999 851 2092 BenignitatiS,
869 2023 950 2091 quae
968 2000 1066 2091 quasi
1084 2010 1255 2070 tesseram

208 2114 384 2203 quandam
406 2115 458 2183 sui
478 2114 614 2183 dederit
636 2115 798 2183 omnibus
822 2116 918 2184 omni
944 2116 980 2184 in
1005 2115 1082 2184 loco
1104 2115 1256 2184 homini-

208 2228 284 2311 bus,
295 2229 421 2298 florum
436 2230 629 2321 praesertim
642 2253 754 2322 genus
768 2243 805 2300 et
819 2233 979 2301 suavium
994 2231 1197 2302 herbarum:
1218 2233 1254 2300 id

103 2350 108 2362 '
207 2346 301 2434 quod
326 2345 586 2437 elegantissime
607 2348 803 2416 docuerunt
821 2357 968 2429 veteres,
991 2347 1148 2428 istarum,
1165 2369 1255 2437 quas

208 2461 291 2537 dixi,
310 2460 517 2530 fabellarum
537 2484 624 2551 0pe;
651 2463 782 2553 quippe
799 2485 948 2552 quarum
972 2486 1014 2532 ea
1034 2463 1081 2556 sit
1103 2484 1253 2544 summa,

207 2583 248 2644 ut
283 2577 414 2644 nemini
450 2578 576 2645 misero
611 2577 827 2647 accusandus
862 2578 907 2647 sit
942 2578 1051 2659 Deus,
1081 2585 1253 2667 tanquam

206 2692 346 2782 iniquus
364 2703 401 2760 et
418 2714 570 2772 aversus,
589 2696 643 2761 cui
665 2693 720 2762 vel
739 2695 842 2763 unica
863 2703 992 2786 praesto
1010 2695 1110 2764 sitin
1128 2694 1253 2763 arbore

207 2808 262 2877 vel
280 2809 438 2900 gramine
457 2809 591 2876 virente
609 2831 761 2900 gemma.

255 2923 337 2993 Jam
355 2934 475 2994 autem
496 2926 605 3006 vide0,
626 2926 710 2993 dum
734 2925 809 2994 haec
834 2948 1030 3017 persequor,
1049 2926 1254 3016 impruden·

205 3047 277 3108 tem
298 3063 355 3108 me
373 3040 535 3109 incidisse
554 3041 589 3107 in
607 3039 759 3109 alterum
778 3040 879 3108 illum
894 3040 1086 3109 Pindaricae
1098 3040 1253 3112 Poeseos

205 3154 351 3237 fontem,
370 3155 463 3245 quod
489 3156 518 3223 is
544 3155 580 3223 in
607 3154 741 3224 deliciis
768 3154 897 3223 habere
923 3154 1024 3234 solet,
1043 3156 1143 3245 siqua
1159 3155 1253 3226 forte

205 3269 360 3359 injicitur
382 3271 516 3338 mentio
542 3292 728 3361 puerorum
757 3268 865 3350 lusae,
883 3268 1112 3359 omniumque
1129 3269 1253 3350 fenne,

205 3407 285 3474 quae
306 3385 350 3454 ad
375 3408 453 3454 eam
471 3394 616 3454 aetatem
643 3386 833 3476 pertinent.
885 3385 989 3467 Quod
1008 3385 1123 3476 ipsum
1141 3385 1252 3453 etiam

204 3499 292 3567 mire
320 3501 486 3568 convenit
512 3524 593 3569 cum
624 3500 783 3591 simplice
810 3500 874 3569 viri
902 3500 1071 3581 bonitate,
1098 3522 1253 3590 cumque

203 3615 322 3683 animo
347 3637 485 3706 semper
507 3615 552 3684 ad
578 3615 712 3684 laetiora
737 3638 922 3706 propenso.
974 3615 1057 3684 Jam
1076 3615 1120 3683 de
1143 3637 1253 3706 puero

205 3728 304 3799 Iamo
323 3731 406 3822 quid
424 3731 554 3799 attinet
572 3740 612 3798 ut
629 3729 730 3821 plura
748 3730 930 3799 dicamus?
961 3753 1043 3800 cunr
1067 3753 1113 3799 ne
1136 3739 1254 3799 mater

204 3846 347 3935 quidem
373 3847 448 3936 ipsa
466 3847 656 3936 quidquam
680 3845 753 3914 ullo
777 3856 937 3937 tempore
964 3847 1119 3938 potuerit
1139 3844 1254 3913 effun-

203 3960 287 4028 dere
321 3970 384 4029 aut
418 3963 573 4030 tenerius
600 3972 662 4031 aut
691 3962 908 4051 exquisitius
935 3986 1040 4053 quam
1069 3962 1168 4040 illud,
1194 3962 1254 4042 βε-

586 4220 600 4246 ¹¹
616 4211 701 4262 Carm.
716 4211 751 4263 iii.
764 4211 799 4262 iv.
818 4228 856 4264 11.
