2768 4876
167 309 232 375 612
408 311 511 374 Serius
525 311 652 394 oipuissc
667 311 774 373 Persiu
789 310 941 373 redicem.
1032 331 1126 371 nnnc.
1138 331 1204 371 xxx

167 483 324 554 locorum
350 484 468 565 situm,
486 492 693 575 apparatum
720 483 814 552 huuc
838 460 977 552 omnem
998 489 1147 550 tottam
1166 482 1217 550 di-

168 621 346 670 versarum
370 621 498 681 rerum,
517 598 644 689 quibus
663 597 803 669 Natura
820 597 877 668 vel
898 621 999 668 aures
1016 596 1074 666 vel
1096 597 1216 668 oeulos

168 714 259 784 fen‘t.
312 711 523 796 Miscentur,
541 714 696 804 inquam,
717 715 864 783 interae
884 713 959 782 haec
976 713 1047 782 duo
1064 735 1214 805 genera:

167 831 271 898 utin
297 831 438 899 nemine
467 829 518 897 vel
547 828 658 899 Poeta
683 830 739 898 vel
771 830 913 899 homine
937 828 1080 920 quidem
1113 826 1215 898 facile

166 945 358 1015 admodum
388 945 450 1014 fiat
474 945 662 1036 judicium,
689 968 757 1035 qua
787 968 824 1014 se
850 945 996 1034 quisque
1028 953 1133 1012 tenus
1159 943 1215 1013 vel

166 1059 249 1129 huic
280 1059 336 1128 vel
368 1059 419 1128 illi
450 1059 594 1128 familiae
625 1060 811 1128 addixerit.
867 1057 1116 1129 Veruntamen
1151 1058 1214 1126 mi-

166 1177 262 1244 nime
279 1176 408 1244 desunt
426 1175 556 1245 limites
574 1176 729 1267 quidam,
742 1184 782 1244 ut
800 1175 836 1243 in
855 1174 917 1244 tali
934 1197 982 1254 re,
1001 1174 1087 1243 satis
1104 1173 1215 1243 mani-

166 1291 267 1360 festi:
295 1313 442 1382 quorum
467 1312 573 1381 opera
599 1290 665 1359 etsi
695 1313 766 1358 non
796 1289 923 1384 singuli
955 1289 1152 1381 scriptores,
1176 1299 1214 1357 at

164 1429 295 1499 genera
323 1414 442 1475 tamen
472 1407 682 1497 scriptorum
712 1405 807 1475 inter
832 1428 869 1475 se
895 1428 966 1474 non
989 1405 1214 1475 incommode

164 1519 314 1588 discerni
332 1521 475 1612 possint.

217 1635 386 1719 Primum,
405 1637 497 1728 quod
521 1637 575 1706 his
599 1637 702 1706 otiosi
720 1644 757 1706 et
775 1636 981 1707 umbratiles
1006 1637 1128 1718 animi,
1145 1635 1212 1704 illis

164 1749 374 1842 plerumque
397 1752 649 1822 annumerandi
668 1753 738 1821 sint
756 1754 889 1822 strenui
910 1753 1086 1843 rebusque
1109 1773 1214 1844 agen-

165 1865 219 1934 dis
241 1867 325 1957 apti.
377 1866 430 1936 Ut
447 1875 528 1936 utar
545 1866 719 1959 exemplo'
728 1867 785 1937 vel
806 1867 923 1960 pueris
941 1867 1032 1936 bene
1049 1868 1212 1960 cognit03

165 2003 417 2072 componamus
434 1982 612 2074 paulisper
623 1981 816 2076 Virgilium
833 2006 915 2052 cum
934 1981 1108 2053 Homero.
1147 1983 1214 2052 Ec-

166 2097 243 2189 quis
268 2119 339 2166 non
365 2099 487 2166 statim
514 2097 633 2167 videat
658 2098 752 2167 hune
779 2097 968 2178 laboriosis,
990 2096 1092 2166 illum
1119 2104 1214 2165 tran-

165 2212 283 2304 quillis
300 2212 415 2283 addici
434 2213 573 2296 debere,
591 2221 725 2283 naturae
743 2213 851 2304 ipsius
868 2211 1056 2304 suffragio?
1107 2211 1214 2282 Uter-

166 2350 236 2418 que
261 2329 371 2396 vitam
400 2328 465 2396 sub
491 2328 550 2397 dio
575 2351 680 2420 agere
706 2338 822 2411 amat;
852 2329 912 2397 sed
939 2327 1030 2396 alter
1056 2329 1212 2421 trepidis,

165 2439 256 2511 alter
272 2442 400 2533 quietis
417 2441 453 2510 in
471 2443 584 2512 rebus.

215 2557 356 2626 Deinde
383 2556 471 2626 illud
496 2559 631 2628 dictum
658 2559 763 2629 velim
776 2560 930 2650 ;-quod
957 2560 1101 2650 quidem
1130 2560 1212 2629 satis

165 2696 228 2766 per
245 2696 282 2743 se
299 2680 399 2764 patet
417 2674 579 2744 omnibus
603 2674 731 2744 leviter
747 2675 853 2743 modo
872 2684 908 2744 et
926 2676 1054 2765 raptim
1073 2676 1212 2744 intuen-

165 2790 260 2859 tibus
277 2789 401 2858 harum
419 2788 612 2873 literarum,
630 2799 671 2859 ut
689 2793 740 2860 ita
757 2792 881 2871 dicam,
901 2790 1044 2860 annales
1054 2791 1209 2872 3-0mni

165 2906 275 2974 ferme
295 2906 331 2973 in
354 2915 462 2997 gente
479 2906 631 2999 viguisse
656 2907 827 2998 principio
850 2915 1031 2975 strenuum
1058 2905 1149 2975 illud
1171 2927 1210 2975 ac

164 3020 385 3102 laboriosum,
404 3029 574 3112 motuque
593 3031 629 3090 et
647 3023 786 3091 actione
808 3021 953 3112 plenum
974 3044 1108 3114 genus;
1135 3043 1211 3091 suc-

164 3137 313 3207 crevisse
333 3145 466 3227 postea,
485 3135 583 3205 velut
604 3138 756 3206 serotina
774 3136 923 3227 quadam
946 3145 1119 3220 semente,
1136 3137 1210 3228 qui-

164 3253 230 3321 bus
248 3260 353 3320 “rura
369 3250 566 3342 placuerint
580 3251 740 3344 riguiqne
754 3253 790 3319 in
804 3249 953 3320 vallibus
966 3273 1088 3320 amnes
1101 3253 1130 3334 ;”
1151 3252 1209 3342 qui

165 3365 340 3436 “flumina
363 3366 545 3458 sylvasque
568 3367 793 3448 amaverint‚''
819 3368 921 3437 otiosi
948 3379 986 3436 et
1010 3366 1207 3458 “inglorii’‘

165 3480 401 3573 Inspiciantur
426 3483 605 3565 universae,
624 3507 709 3573 quas
727 3483 867 3575 quidem
892 3493 1014 3553 extare
1038 3483 1208 3562 novimus,

163 3596 376 3666 incultarum
395 3598 579 3689 regionum
604 3599 641 3666 in
662 3597 729 3666 hoc
752 3621 881 3691 genere
899 3597 1065 3688 reliquiae.
1121 3597 1210 3667 Prae-

164 3712 310 3794 habunt,
335 3712 401 3781 nisi
429 3712 541 3794 fallor,
570 3714 613 3781 ad
645 3735 750 3781 unam
783 3735 904 3781 omnes
935 3714 1084 3782 eandem
1113 3715 1209 3805 quasi

165 3829 291 3897 seriem
313 3828 505 3918 orbemque
530 3829 580 3896 rei
606 3829 763 3918 poeticae.
817 3826 947 3909 Primo,
965 3826 1071 3898 nullis
1092 3829 1210 3898 amba-

163 3944 266 4036 gibus
293 3965 415 4012 omnes
441 3943 498 4012 vel
525 3965 680 4012 amorem
708 3942 764 4011 vel
792 3942 954 4012 militiam
984 3954 1128 4027 canunt,
1155 3943 1210 4015 vel

165 4058 296 4150 aliquid
314 4059 409 4150 quod
426 4058 469 4127 ad
488 4080 602 4128 mores
619 4065 789 4149 actusque
812 4057 996 4127 hominum
1013 4059 1118 4150 plane
1135 4083 1211 4152 per·

165 4174 287 4244 tineat.
331 4173 415 4242 Non
433 4173 498 4243 nisi
517 4173 687 4255 secundis,
702 4174 795 4264 quod
813 4174 924 4257 aiunt,
942 4175 1045 4256 curis,
1059 4178 1158 4246 venit
1174 4177 1209 4245 in

165 4313 226 4360 ora
247 4290 324 4361 laus
342 4291 473 4381 quietae
497 4296 535 4358 et
560 4288 701 4360 rusticae
719 4290 809 4370 vitae,
827 4297 1009 4380 tantaeque
1030 4291 1135 4382 hujus
1152 4314 1209 4362 va-
