<?xml version="1.0" encoding="UTF-8"?>
<!DOCTYPE html PUBLIC "-//W3C//DTD XHTML 1.0 Transitional//EN"
    "http://www.w3.org/TR/xhtml1/DTD/xhtml1-transitional.dtd">
<html xmlns="http://www.w3.org/1999/xhtml" xml:lang="en" lang="en">
 <head>
  <title>
</title>
<meta http-equiv="Content-Type" content="text/html;charset=utf-8" />
  <meta name='ocr-system' content='tesseract 3.04.00' />
  <meta name='ocr-capabilities' content='ocr_page ocr_carea ocr_par ocr_line ocrx_word'/>
</head>
<body>
  <div class='ocr_page' id='page_1' title='image "./depoeticaevimed00keblgoog_0040.png"; bbox 0 0 2768 4876; ppageno 0'>
   <div class='ocr_carea' id='block_1_1' title="bbox 164 299 1217 386">
    <p class='ocr_par' dir='ltr' id='par_1_1' title="bbox 164 299 1217 386">
     <span class='ocr_line' id='line_1_1' title="bbox 164 299 1217 386; baseline 0.001 -21"><span class='ocrx_word' id='word_1_1' title='bbox 164 323 259 366; x_wconf 79' lang='grc'>111111.</span> <span class='ocrx_word' id='word_1_2' title='bbox 269 322 349 364; x_wconf 85' lang='lat' dir='ltr'>xxrr.</span> <span class='ocrx_word' id='word_1_3' title='bbox 386 299 625 383; x_wconf 77' lang='lat' dir='ltr'>nwbstumsorc,</span> <span class='ocrx_word' id='word_1_4' title='bbox 640 299 828 386; x_wconf 72' lang='lat' dir='ltr'>Allapon&#39;om</span> <span class='ocrx_word' id='word_1_5' title='bbox 843 299 1057 386; x_wconf 64' lang='lat' dir='ltr'>aperientibus.</span> <span class='ocrx_word' id='word_1_6' title='bbox 1153 304 1217 366; x_wconf 76' lang='lat'>415</span> 
     </span>
    </p>
   </div>
   <div class='ocr_carea' id='block_1_2' title="bbox 165 473 1279 3799">
    <p class='ocr_par' dir='ltr' id='par_1_2' title="bbox 165 473 1279 1840">
     <span class='ocr_line' id='line_1_2' title="bbox 165 473 1217 568; baseline -0.001 -25"><span class='ocrx_word' id='word_1_7' title='bbox 165 484 277 568; x_wconf 82' lang='lat' dir='ltr'>guent</span> <span class='ocrx_word' id='word_1_8' title='bbox 302 496 344 543; x_wconf 85' lang='lat' dir='ltr'>ae</span> <span class='ocrx_word' id='word_1_9' title='bbox 370 473 576 555; x_wconf 85' lang='lat' dir='ltr'>fastidiunt;</span> <span class='ocrx_word' id='word_1_10' title='bbox 602 474 653 543; x_wconf 89' lang='lat' dir='ltr'>ita</span> <span class='ocrx_word' id='word_1_11' title='bbox 673 496 719 543; x_wconf 92' lang='lat' dir='ltr'>ne</span> <span class='ocrx_word' id='word_1_12' title='bbox 736 475 772 543; x_wconf 89' lang='lat' dir='ltr'>in</span> <span class='ocrx_word' id='word_1_13' title='bbox 790 473 867 543; x_wconf 91' lang='lat' dir='ltr'>aliis</span> <span class='ocrx_word' id='word_1_14' title='bbox 884 475 1028 566; x_wconf 90' lang='lat' dir='ltr'>quidem</span> <span class='ocrx_word' id='word_1_15' title='bbox 1054 473 1217 545; x_wconf 87' lang='lat' dir='ltr'>carmini-</span> 
     </span>
     <span class='ocr_line' id='line_1_3' title="bbox 166 589 1217 681; baseline -0.001 -20"><span class='ocrx_word' id='word_1_16' title='bbox 166 592 242 673; x_wconf 89' lang='lat' dir='ltr'>bus,</span> <span class='ocrx_word' id='word_1_17' title='bbox 260 613 411 681; x_wconf 89' lang='lat' dir='ltr'>quorum</span> <span class='ocrx_word' id='word_1_18' title='bbox 429 589 551 659; x_wconf 90' lang='lat' dir='ltr'>sedulo</span> <span class='ocrx_word' id='word_1_19' title='bbox 576 612 650 681; x_wconf 89' lang='lat' dir='ltr'>prae</span> <span class='ocrx_word' id='word_1_20' title='bbox 677 611 715 659; x_wconf 86' lang='lat' dir='ltr'>se</span> <span class='ocrx_word' id='word_1_21' title='bbox 737 589 856 658; x_wconf 86' lang='lat' dir='ltr'>ferunt</span> <span class='ocrx_word' id='word_1_22' title='bbox 873 613 1040 674; x_wconf 89' lang='lat' dir='ltr'>amorem,</span> <span class='ocrx_word' id='word_1_23' title='bbox 1059 591 1217 662; x_wconf 89' lang='lat' dir='ltr'>eredide-</span> 
     </span>
     <span class='ocr_line' id='line_1_4' title="bbox 167 706 1217 798; baseline 0 -22"><span class='ocrx_word' id='word_1_24' title='bbox 167 707 232 776; x_wconf 88' lang='lat' dir='ltr'>rim</span> <span class='ocrx_word' id='word_1_25' title='bbox 254 729 315 776; x_wconf 88' lang='lat' dir='ltr'>eos</span> <span class='ocrx_word' id='word_1_26' title='bbox 336 706 381 776; x_wconf 91' lang='lat' dir='ltr'>ad</span> <span class='ocrx_word' id='word_1_27' title='bbox 408 707 501 797; x_wconf 92' lang='lat' dir='ltr'>ipsos</span> <span class='ocrx_word' id='word_1_28' title='bbox 526 707 725 798; x_wconf 87' lang='lat' dir='ltr'>pervenisse</span> <span class='ocrx_word' id='word_1_29' title='bbox 748 706 875 789; x_wconf 65' lang='lat' dir='ltr'>fontes»,</span> <span class='ocrx_word' id='word_1_30' title='bbox 897 707 959 778; x_wconf 89' lang='lat' dir='ltr'>sed</span> <span class='ocrx_word' id='word_1_31' title='bbox 985 707 1116 777; x_wconf 84' lang='lat' dir='ltr'><strong>rivulos</strong></span> <span class='ocrx_word' id='word_1_32' title='bbox 1139 716 1217 777; x_wconf 87' lang='lat' dir='ltr'>tan-</span> 
     </span>
     <span class='ocr_line' id='line_1_5' title="bbox 167 819 1217 913; baseline -0.002 -22"><span class='ocrx_word' id='word_1_33' title='bbox 167 831 255 901; x_wconf 93' lang='lat' dir='ltr'>tum,</span> <span class='ocrx_word' id='word_1_34' title='bbox 286 830 328 891; x_wconf 92' lang='lat' dir='ltr'>ut</span> <span class='ocrx_word' id='word_1_35' title='bbox 362 822 413 891; x_wconf 90' lang='lat' dir='ltr'>ait</span> <span class='ocrx_word' id='word_1_36' title='bbox 447 820 583 904; x_wconf 88' lang='lat' dir='ltr'>Cicero,</span> <span class='ocrx_word' id='word_1_37' title='bbox 616 822 820 891; x_wconf 88' lang='lat' dir='ltr'>consectari.</span> <span class='ocrx_word' id='word_1_38' title='bbox 871 821 1015 904; x_wconf 83' lang='lat' dir='ltr'>Contra,</span> <span class='ocrx_word' id='word_1_39' title='bbox 1044 823 1104 913; x_wconf 92' lang='lat' dir='ltr'>qui</span> <span class='ocrx_word' id='word_1_40' title='bbox 1140 819 1217 890; x_wconf 92' lang='lat' dir='ltr'>Ho-</span> 
     </span>
     <span class='ocr_line' id='line_1_6' title="bbox 168 936 1215 1030; baseline 0.001 -25"><span class='ocrx_word' id='word_1_41' title='bbox 168 959 316 1018; x_wconf 83' lang='lat' dir='ltr'>merum,</span> <span class='ocrx_word' id='word_1_42' title='bbox 335 937 432 1006; x_wconf 83' lang='lat' dir='ltr'>verbi</span> <span class='ocrx_word' id='word_1_43' title='bbox 451 959 564 1019; x_wconf 89' lang='lat' dir='ltr'>causa,</span> <span class='ocrx_word' id='word_1_44' title='bbox 583 936 640 1006; x_wconf 88' lang='lat' dir='ltr'>vel</span> <span class='ocrx_word' id='word_1_45' title='bbox 660 937 868 1029; x_wconf 85' lang='lat' dir='ltr'>AEschylum</span> <span class='ocrx_word' id='word_1_46' title='bbox 894 946 992 1007; x_wconf 91' lang='lat' dir='ltr'>recte</span> <span class='ocrx_word' id='word_1_47' title='bbox 1015 938 1165 1030; x_wconf 90' lang='lat' dir='ltr'>sapiunt,</span> <span class='ocrx_word' id='word_1_48' title='bbox 1187 938 1215 1006; x_wconf 87' lang='lat' dir='ltr'>si</span> 
     </span>
     <span class='ocr_line' id='line_1_7' title="bbox 168 1050 1216 1144; baseline 0.002 -23"><span class='ocrx_word' id='word_1_49' title='bbox 168 1055 284 1122; x_wconf 90' lang='lat' dir='ltr'>minus</span> <span class='ocrx_word' id='word_1_50' title='bbox 307 1053 432 1122; x_wconf 91' lang='lat' dir='ltr'>iisdem</span> <span class='ocrx_word' id='word_1_51' title='bbox 457 1051 574 1144; x_wconf 88' lang='lat' dir='ltr'>placet</span> <span class='ocrx_word' id='word_1_52' title='bbox 592 1050 788 1144; x_wconf 87' lang='lat' dir='ltr'>Spenserus</span> <span class='ocrx_word' id='word_1_53' title='bbox 812 1061 941 1135; x_wconf 91' lang='lat' dir='ltr'>noster,</span> <span class='ocrx_word' id='word_1_54' title='bbox 959 1054 1146 1144; x_wconf 85' lang='lat' dir='ltr'>quaerenda</span> <span class='ocrx_word' id='word_1_55' title='bbox 1163 1064 1216 1123; x_wconf 87' lang='lat' dir='ltr'>est</span> 
     </span>
     <span class='ocr_line' id='line_1_8' title="bbox 168 1152 1216 1262; baseline 0.001 -25"><span class='ocrx_word' id='word_1_56' title='bbox 168 1170 293 1259; x_wconf 91' lang='lat' dir='ltr'>utique</span> <span class='ocrx_word' id='word_1_57' title='bbox 310 1152 379 1238; x_wconf 87' lang='lat' dir='ltr'>alia</span> <span class='ocrx_word' id='word_1_58' title='bbox 396 1191 500 1238; x_wconf 90' lang='lat' dir='ltr'>causa</span> <span class='ocrx_word' id='word_1_59' title='bbox 517 1168 728 1251; x_wconf 85' lang='lat' dir='ltr'>offensionis,</span> <span class='ocrx_word' id='word_1_60' title='bbox 741 1178 962 1261; x_wconf 85' lang='lat' dir='ltr'>praeteream</span> <span class='ocrx_word' id='word_1_61' title='bbox 976 1170 1098 1251; x_wconf 90' lang='lat' dir='ltr'>solam,</span> <span class='ocrx_word' id='word_1_62' title='bbox 1110 1192 1216 1262; x_wconf 91' lang='lat' dir='ltr'>quam</span> 
     </span>
     <span class='ocr_line' id='line_1_9' title="bbox 168 1283 1218 1378; baseline 0 -24"><span class='ocrx_word' id='word_1_63' title='bbox 168 1286 255 1354; x_wconf 84' lang='lat' dir='ltr'>vitio</span> <span class='ocrx_word' id='word_1_64' title='bbox 278 1285 312 1352; x_wconf 91' lang='lat' dir='ltr'>ei</span> <span class='ocrx_word' id='word_1_65' title='bbox 331 1293 487 1367; x_wconf 83' lang='lat' dir='ltr'>vertunt,</span> <span class='ocrx_word' id='word_1_66' title='bbox 504 1286 722 1354; x_wconf 88' lang='lat' dir='ltr'>continuatae</span> <span class='ocrx_word' id='word_1_67' title='bbox 739 1283 931 1378; x_wconf 88' lang='lat' dir='ltr'>Allegoriae</span> <span class='ocrx_word' id='word_1_68' title='bbox 957 1285 1117 1355; x_wconf 89' lang='lat' dir='ltr'>formam.</span> <span class='ocrx_word' id='word_1_69' title='bbox 1168 1284 1218 1354; x_wconf 92' lang='lat' dir='ltr'>Il-</span> 
     </span>
     <span class='ocr_line' id='line_1_10' title="bbox 168 1398 1218 1492; baseline 0 -25"><span class='ocrx_word' id='word_1_70' title='bbox 168 1398 227 1469; x_wconf 94' lang='lat' dir='ltr'>lud</span> <span class='ocrx_word' id='word_1_71' title='bbox 251 1407 349 1468; x_wconf 90' lang='lat' dir='ltr'>certe</span> <span class='ocrx_word' id='word_1_72' title='bbox 375 1400 598 1491; x_wconf 87' lang='lat' dir='ltr'>perspicuum</span> <span class='ocrx_word' id='word_1_73' title='bbox 617 1407 683 1481; x_wconf 91' lang='lat' dir='ltr'>est,</span> <span class='ocrx_word' id='word_1_74' title='bbox 701 1422 772 1468; x_wconf 92' lang='lat' dir='ltr'>non</span> <span class='ocrx_word' id='word_1_75' title='bbox 790 1400 968 1469; x_wconf 87' lang='lat' dir='ltr'>obstitisse</span> <span class='ocrx_word' id='word_1_76' title='bbox 991 1422 1054 1491; x_wconf 91' lang='lat' dir='ltr'>per</span> <span class='ocrx_word' id='word_1_77' title='bbox 1070 1398 1218 1492; x_wconf 85' lang='lat' dir='ltr'>Allego-</span> 
     </span>
     <span class='ocr_line' id='line_1_11' title="bbox 169 1513 1217 1608; baseline 0.003 -26"><span class='ocrx_word' id='word_1_78' title='bbox 169 1514 266 1596; x_wconf 90' lang='lat' dir='ltr'>riam,</span> <span class='ocrx_word' id='word_1_79' title='bbox 284 1515 370 1605; x_wconf 92' lang='lat' dir='ltr'>quin</span> <span class='ocrx_word' id='word_1_80' title='bbox 387 1513 534 1583; x_wconf 85' lang='lat' dir='ltr'>mirifice</span> <span class='ocrx_word' id='word_1_81' title='bbox 552 1514 815 1585; x_wconf 78' lang='lat' dir='ltr'>delectarentur</span> <span class='ocrx_word' id='word_1_82' title='bbox 830 1515 989 1608; x_wconf 86' lang='lat' dir='ltr'>plerique</span> <span class='ocrx_word' id='word_1_83' title='bbox 1006 1517 1217 1585; x_wconf 83' lang='lat' dir='ltr'>nostratium</span> 
     </span>
     <span class='ocr_line' id='line_1_12' title="bbox 169 1630 1279 1729; baseline 0.001 -30"><span class='ocrx_word' id='word_1_84' title='bbox 169 1631 244 1722; x_wconf 90' lang='lat' dir='ltr'>ejus</span> <span class='ocrx_word' id='word_1_85' title='bbox 277 1630 358 1700; x_wconf 92' lang='lat' dir='ltr'>libri</span> <span class='ocrx_word' id='word_1_86' title='bbox 392 1630 556 1712; x_wconf 90' lang='lat' dir='ltr'>lectione,</span> <span class='ocrx_word' id='word_1_87' title='bbox 582 1654 652 1722; x_wconf 93' lang='lat' dir='ltr'>quo</span> <span class='ocrx_word' id='word_1_88' title='bbox 682 1631 727 1700; x_wconf 92' lang='lat' dir='ltr'>ad</span> <span class='ocrx_word' id='word_1_89' title='bbox 756 1630 914 1703; x_wconf 90' lang='lat' dir='ltr'>Viatoris</span> <span class='ocrx_word' id='word_1_90' title='bbox 948 1631 1216 1702; x_wconf 90' lang='lat' dir='ltr'>similitudinem</span> <span class='ocrx_word' id='word_1_91' title='bbox 1276 1723 1279 1729; x_wconf 25' lang='grc' dir='ltr'>Ι</span> 
     </span>
     <span class='ocr_line' id='line_1_13' title="bbox 170 1746 914 1840; baseline 0.004 -26"><span class='ocrx_word' id='word_1_92' title='bbox 170 1747 226 1838; x_wconf 90' lang='lat' dir='ltr'>pie</span> <span class='ocrx_word' id='word_1_93' title='bbox 244 1755 436 1837; x_wconf 80' lang='lat' dir='ltr'>sancteque</span> <span class='ocrx_word' id='word_1_94' title='bbox 454 1746 595 1816; x_wconf 90' lang='lat' dir='ltr'>vivendi</span> <span class='ocrx_word' id='word_1_95' title='bbox 613 1747 703 1816; x_wconf 91' lang='lat' dir='ltr'>ratio</span> <span class='ocrx_word' id='word_1_96' title='bbox 721 1747 878 1840; x_wconf 85' lang='lat' dir='ltr'>exigitur</span> <span class='ocrx_word' id='word_1_97' title='bbox 888 1757 914 1817; x_wconf 73' lang='lat'>⁸.</span> 
     </span>
    </p>

    <p class='ocr_par' dir='ltr' id='par_1_3' title="bbox 170 1861 1221 3453">
     <span class='ocr_line' id='line_1_14' title="bbox 218 1861 1217 1954; baseline 0.002 -22"><span class='ocrx_word' id='word_1_98' title='bbox 218 1862 302 1932; x_wconf 87' lang='lat' dir='ltr'>Sive</span> <span class='ocrx_word' id='word_1_99' title='bbox 325 1863 435 1954; x_wconf 79' lang='lat' dir='ltr'>igitur</span> <span class='ocrx_word' id='word_1_100' title='bbox 459 1871 536 1932; x_wconf 91' lang='lat' dir='ltr'>toto</span> <span class='ocrx_word' id='word_1_101' title='bbox 563 1863 736 1954; x_wconf 90' lang='lat' dir='ltr'>poematis</span> <span class='ocrx_word' id='word_1_102' title='bbox 758 1863 908 1933; x_wconf 90' lang='lat' dir='ltr'>decursu</span> <span class='ocrx_word' id='word_1_103' title='bbox 933 1861 1029 1932; x_wconf 89' lang='lat' dir='ltr'>aliud</span> <span class='ocrx_word' id='word_1_104' title='bbox 1056 1885 1104 1944; x_wconf 92' lang='lat' dir='ltr'>re,</span> <span class='ocrx_word' id='word_1_105' title='bbox 1122 1863 1217 1934; x_wconf 90' lang='lat' dir='ltr'>aliud</span> 
     </span>
     <span class='ocr_line' id='line_1_15' title="bbox 170 1978 1219 2072; baseline 0.003 -26"><span class='ocrx_word' id='word_1_106' title='bbox 170 1979 285 2048; x_wconf 83' lang='lat' dir='ltr'>verbis</span> <span class='ocrx_word' id='word_1_107' title='bbox 310 1987 482 2060; x_wconf 84' lang='lat' dir='ltr'>narretur,</span> <span class='ocrx_word' id='word_1_108' title='bbox 500 2002 578 2069; x_wconf 85' lang='lat' dir='ltr'>quae</span> <span class='ocrx_word' id='word_1_109' title='bbox 603 1979 743 2071; x_wconf 90' lang='lat' dir='ltr'>propria</span> <span class='ocrx_word' id='word_1_110' title='bbox 764 1980 816 2049; x_wconf 84' lang='lat' dir='ltr'>vis</span> <span class='ocrx_word' id='word_1_111' title='bbox 836 1987 891 2049; x_wconf 88' lang='lat' dir='ltr'>est</span> <span class='ocrx_word' id='word_1_112' title='bbox 908 1978 1120 2072; x_wconf 83' lang='lat' dir='ltr'>Allegoriae3</span> <span class='ocrx_word' id='word_1_113' title='bbox 1145 1980 1219 2049; x_wconf 87' lang='lat' dir='ltr'>sive</span> 
     </span>
     <span class='ocr_line' id='line_1_16' title="bbox 170 2095 1218 2188; baseline 0.002 -26"><span class='ocrx_word' id='word_1_114' title='bbox 170 2116 251 2162; x_wconf 91' lang='lat' dir='ltr'>eum</span> <span class='ocrx_word' id='word_1_115' title='bbox 277 2095 384 2163; x_wconf 92' lang='lat' dir='ltr'>modo</span> <span class='ocrx_word' id='word_1_116' title='bbox 407 2096 664 2165; x_wconf 85' lang='lat' dir='ltr'>constituamus</span> <span class='ocrx_word' id='word_1_117' title='bbox 690 2095 854 2165; x_wconf 90' lang='lat' dir='ltr'>carminis</span> <span class='ocrx_word' id='word_1_118' title='bbox 870 2103 1042 2176; x_wconf 88' lang='lat' dir='ltr'>tenorem,</span> <span class='ocrx_word' id='word_1_119' title='bbox 1061 2097 1121 2188; x_wconf 92' lang='lat' dir='ltr'>qni</span> <span class='ocrx_word' id='word_1_120' title='bbox 1147 2117 1218 2165; x_wconf 92' lang='lat' dir='ltr'>non</span> 
     </span>
     <span class='ocr_line' id='line_1_17' title="bbox 171 2207 1220 2301; baseline 0.002 -26"><span class='ocrx_word' id='word_1_121' title='bbox 171 2216 243 2276; x_wconf 90' lang='lat' dir='ltr'>tam</span> <span class='ocrx_word' id='word_1_122' title='bbox 268 2207 376 2276; x_wconf 91' lang='lat' dir='ltr'>rebus</span> <span class='ocrx_word' id='word_1_123' title='bbox 401 2208 485 2299; x_wconf 90' lang='lat' dir='ltr'>ipsis</span> <span class='ocrx_word' id='word_1_124' title='bbox 511 2230 617 2299; x_wconf 90' lang='lat' dir='ltr'>quam</span> <span class='ocrx_word' id='word_1_125' title='bbox 642 2209 762 2279; x_wconf 91' lang='lat' dir='ltr'>indole</span> <span class='ocrx_word' id='word_1_126' title='bbox 789 2210 975 2281; x_wconf 81' lang='lat' dir='ltr'>scribentis</span> <span class='ocrx_word' id='word_1_127' title='bbox 1002 2211 1118 2301; x_wconf 91' lang='lat' dir='ltr'>capiat</span> <span class='ocrx_word' id='word_1_128' title='bbox 1145 2209 1220 2279; x_wconf 85' lang='lat' dir='ltr'>ani-</span> 
     </span>
     <span class='ocr_line' id='line_1_18' title="bbox 171 2322 1220 2416; baseline 0.002 -26"><span class='ocrx_word' id='word_1_129' title='bbox 171 2344 265 2404; x_wconf 86' lang='lat' dir='ltr'>mos3</span> <span class='ocrx_word' id='word_1_130' title='bbox 294 2324 437 2393; x_wconf 92' lang='lat' dir='ltr'>omnino</span> <span class='ocrx_word' id='word_1_131' title='bbox 455 2324 625 2403; x_wconf 87' lang='lat' dir='ltr'>videmus,</span> <span class='ocrx_word' id='word_1_132' title='bbox 644 2322 822 2416; x_wconf 89' lang='lat' dir='ltr'>duplicem</span> <span class='ocrx_word' id='word_1_133' title='bbox 845 2325 920 2394; x_wconf 89' lang='lat' dir='ltr'>fore</span> <span class='ocrx_word' id='word_1_134' title='bbox 945 2325 1016 2394; x_wconf 91' lang='lat' dir='ltr'>vim</span> <span class='ocrx_word' id='word_1_135' title='bbox 1041 2332 1078 2393; x_wconf 94' lang='lat' dir='ltr'>et</span> <span class='ocrx_word' id='word_1_136' title='bbox 1095 2345 1220 2393; x_wconf 89' lang='lat' dir='ltr'>venus·</span> 
     </span>
     <span class='ocr_line' id='line_1_19' title="bbox 172 2438 1220 2533; baseline 0.003 -27"><span class='ocrx_word' id='word_1_137' title='bbox 172 2445 284 2507; x_wconf 91' lang='lat' dir='ltr'>tatem</span> <span class='ocrx_word' id='word_1_138' title='bbox 310 2461 489 2531; x_wconf 85' lang='lat' dir='ltr'>germanae</span> <span class='ocrx_word' id='word_1_139' title='bbox 513 2438 677 2509; x_wconf 83' lang='lat' dir='ltr'>Poeticae.</span> <span class='ocrx_word' id='word_1_140' title='bbox 730 2438 827 2509; x_wconf 91' lang='lat' dir='ltr'>Nam</span> <span class='ocrx_word' id='word_1_141' title='bbox 851 2448 889 2509; x_wconf 93' lang='lat' dir='ltr'>et</span> <span class='ocrx_word' id='word_1_142' title='bbox 914 2447 1123 2533; x_wconf 85' lang='lat' dir='ltr'>argumenta</span> <span class='ocrx_word' id='word_1_143' title='bbox 1144 2439 1220 2530; x_wconf 91' lang='lat' dir='ltr'>ipsa</span> 
     </span>
     <span class='ocr_line' id='line_1_20' title="bbox 172 2552 1219 2645; baseline 0.002 -26"><span class='ocrx_word' id='word_1_144' title='bbox 172 2552 367 2622; x_wconf 90' lang='lat' dir='ltr'>carminum</span> <span class='ocrx_word' id='word_1_145' title='bbox 398 2554 566 2624; x_wconf 87' lang='lat' dir='ltr'>distincte</span> <span class='ocrx_word' id='word_1_146' title='bbox 596 2562 633 2624; x_wconf 90' lang='lat' dir='ltr'>et</span> <span class='ocrx_word' id='word_1_147' title='bbox 659 2562 783 2624; x_wconf 90' lang='lat' dir='ltr'>ornate</span> <span class='ocrx_word' id='word_1_148' title='bbox 808 2554 1040 2645; x_wconf 84' lang='lat' dir='ltr'>explicantur,</span> <span class='ocrx_word' id='word_1_149' title='bbox 1067 2561 1219 2644; x_wconf 89' lang='lat' dir='ltr'>etopus</span> 
     </span>
     <span class='ocr_line' id='line_1_21' title="bbox 172 2669 1219 2760; baseline 0.002 -24"><span class='ocrx_word' id='word_1_150' title='bbox 172 2669 374 2737; x_wconf 85' lang='lat' dir='ltr'>universum</span> <span class='ocrx_word' id='word_1_151' title='bbox 397 2669 555 2738; x_wconf 88' lang='lat' dir='ltr'>moribus</span> <span class='ocrx_word' id='word_1_152' title='bbox 579 2679 616 2739; x_wconf 90' lang='lat' dir='ltr'>et</span> <span class='ocrx_word' id='word_1_153' title='bbox 641 2669 772 2739; x_wconf 85' lang='lat' dir='ltr'>affectu</span> <span class='ocrx_word' id='word_1_154' title='bbox 796 2669 931 2750; x_wconf 89' lang='lat' dir='ltr'>Poetae,</span> <span class='ocrx_word' id='word_1_155' title='bbox 949 2669 1048 2760; x_wconf 89' lang='lat' dir='ltr'>quasi</span> <span class='ocrx_word' id='word_1_156' title='bbox 1065 2670 1219 2759; x_wconf 90' lang='lat' dir='ltr'>quodam</span> 
     </span>
     <span class='ocr_line' id='line_1_22' title="bbox 174 2783 1220 2877; baseline 0.003 -27"><span class='ocrx_word' id='word_1_157' title='bbox 174 2783 315 2853; x_wconf 91' lang='lat' dir='ltr'>occulto</span> <span class='ocrx_word' id='word_1_158' title='bbox 333 2806 468 2877; x_wconf 87' lang='lat' dir='ltr'>sapore,</span> <span class='ocrx_word' id='word_1_159' title='bbox 485 2785 676 2855; x_wconf 89' lang='lat' dir='ltr'>imbuitur:</span> <span class='ocrx_word' id='word_1_160' title='bbox 703 2794 811 2877; x_wconf 88' lang='lat' dir='ltr'>atque</span> <span class='ocrx_word' id='word_1_161' title='bbox 833 2786 884 2855; x_wconf 92' lang='lat' dir='ltr'>ita</span> <span class='ocrx_word' id='word_1_162' title='bbox 907 2785 1060 2877; x_wconf 88' lang='lat' dir='ltr'>quidem,</span> <span class='ocrx_word' id='word_1_163' title='bbox 1078 2793 1119 2853; x_wconf 91' lang='lat' dir='ltr'>ut</span> <span class='ocrx_word' id='word_1_164' title='bbox 1142 2804 1220 2853; x_wconf 91' lang='lat' dir='ltr'>sen·</span> 
     </span>
     <span class='ocr_line' id='line_1_23' title="bbox 173 2900 1220 2992; baseline 0.001 -25"><span class='ocrx_word' id='word_1_165' title='bbox 173 2900 262 2969; x_wconf 91' lang='lat' dir='ltr'>tiant</span> <span class='ocrx_word' id='word_1_166' title='bbox 284 2923 417 2982; x_wconf 90' lang='lat' dir='ltr'>omnes,</span> <span class='ocrx_word' id='word_1_167' title='bbox 436 2923 518 2969; x_wconf 91' lang='lat' dir='ltr'>eum</span> <span class='ocrx_word' id='word_1_168' title='bbox 542 2900 637 2970; x_wconf 91' lang='lat' dir='ltr'>ultro</span> <span class='ocrx_word' id='word_1_169' title='bbox 659 2903 697 2970; x_wconf 93' lang='lat' dir='ltr'>in</span> <span class='ocrx_word' id='word_1_170' title='bbox 718 2901 825 2970; x_wconf 86' lang='lat' dir='ltr'>verba</span> <span class='ocrx_word' id='word_1_171' title='bbox 848 2923 889 2970; x_wconf 87' lang='lat' dir='ltr'>ac</span> <span class='ocrx_word' id='word_1_172' title='bbox 907 2923 1011 2970; x_wconf 90' lang='lat' dir='ltr'>voces</span> <span class='ocrx_word' id='word_1_173' title='bbox 1037 2901 1220 2992; x_wconf 88' lang='lat' dir='ltr'>ejusmodi,</span> 
     </span>
     <span class='ocr_line' id='line_1_24' title="bbox 173 3014 1221 3108; baseline 0 -25"><span class='ocrx_word' id='word_1_174' title='bbox 173 3015 292 3095; x_wconf 86' lang='lat' dir='ltr'>animi,</span> <span class='ocrx_word' id='word_1_175' title='bbox 322 3037 394 3084; x_wconf 92' lang='lat' dir='ltr'>non</span> <span class='ocrx_word' id='word_1_176' title='bbox 423 3014 509 3084; x_wconf 88' lang='lat' dir='ltr'>artis</span> <span class='ocrx_word' id='word_1_177' title='bbox 538 3039 644 3086; x_wconf 91' lang='lat' dir='ltr'>causa</span> <span class='ocrx_word' id='word_1_178' title='bbox 673 3037 868 3108; x_wconf 89' lang='lat' dir='ltr'>erumpere.</span> <span class='ocrx_word' id='word_1_179' title='bbox 920 3014 1061 3085; x_wconf 89' lang='lat' dir='ltr'>Homm</span> <span class='ocrx_word' id='word_1_180' title='bbox 1091 3015 1221 3085; x_wconf 92' lang='lat' dir='ltr'>alteru-</span> 
     </span>
     <span class='ocr_line' id='line_1_25' title="bbox 174 3128 1217 3222; baseline 0.003 -25"><span class='ocrx_word' id='word_1_181' title='bbox 174 3137 268 3198; x_wconf 85' lang='lat' dir='ltr'>trum</span> <span class='ocrx_word' id='word_1_182' title='bbox 284 3130 313 3198; x_wconf 88' lang='lat' dir='ltr'>si</span> <span class='ocrx_word' id='word_1_183' title='bbox 331 3130 441 3212; x_wconf 89' lang='lat' dir='ltr'>deest,</span> <span class='ocrx_word' id='word_1_184' title='bbox 459 3138 521 3200; x_wconf 92' lang='lat' dir='ltr'>aut</span> <span class='ocrx_word' id='word_1_185' title='bbox 538 3154 664 3201; x_wconf 87' lang='lat' dir='ltr'>manca</span> <span class='ocrx_word' id='word_1_186' title='bbox 680 3132 748 3200; x_wconf 92' lang='lat' dir='ltr'>erit</span> <span class='ocrx_word' id='word_1_187' title='bbox 762 3131 969 3215; x_wconf 78' lang='lat' dir='ltr'>Poesis,aut</span> <span class='ocrx_word' id='word_1_188' title='bbox 987 3133 1089 3222; x_wconf 89' lang='lat' dir='ltr'>plane</span> <span class='ocrx_word' id='word_1_189' title='bbox 1107 3128 1217 3213; x_wconf 82' lang='lat' dir='ltr'>nulla3</span> 
     </span>
     <span class='ocr_line' id='line_1_26' title="bbox 174 3246 1219 3340; baseline 0.004 -28"><span class='ocrx_word' id='word_1_190' title='bbox 174 3265 306 3326; x_wconf 89' lang='lat' dir='ltr'>manca,</span> <span class='ocrx_word' id='word_1_191' title='bbox 335 3246 371 3314; x_wconf 93' lang='lat' dir='ltr'>ni</span> <span class='ocrx_word' id='word_1_192' title='bbox 400 3269 482 3315; x_wconf 90' lang='lat' dir='ltr'>vere</span> <span class='ocrx_word' id='word_1_193' title='bbox 509 3270 551 3316; x_wconf 88' lang='lat' dir='ltr'>ao</span> <span class='ocrx_word' id='word_1_194' title='bbox 581 3246 764 3339; x_wconf 90' lang='lat' dir='ltr'>splendide</span> <span class='ocrx_word' id='word_1_195' title='bbox 798 3270 854 3316; x_wconf 91' lang='lat' dir='ltr'>res</span> <span class='ocrx_word' id='word_1_196' title='bbox 884 3255 1019 3340; x_wconf 87' lang='lat' dir='ltr'>agatur,</span> <span class='ocrx_word' id='word_1_197' title='bbox 1047 3246 1154 3328; x_wconf 88' lang='lat' dir='ltr'>nulla,</span> <span class='ocrx_word' id='word_1_198' title='bbox 1184 3248 1219 3316; x_wconf 92' lang='lat' dir='ltr'>ni</span> 
     </span>
     <span class='ocr_line' id='line_1_27' title="bbox 175 3361 1129 3453; baseline 0.002 -26"><span class='ocrx_word' id='word_1_199' title='bbox 175 3368 299 3450; x_wconf 88' lang='lat' dir='ltr'>sponte</span> <span class='ocrx_word' id='word_1_200' title='bbox 317 3382 363 3429; x_wconf 86' lang='lat' dir='ltr'>ex</span> <span class='ocrx_word' id='word_1_201' title='bbox 379 3361 506 3430; x_wconf 93' lang='lat' dir='ltr'>intimo</span> <span class='ocrx_word' id='word_1_202' title='bbox 525 3361 645 3432; x_wconf 84' lang='lat' dir='ltr'>Poetae</span> <span class='ocrx_word' id='word_1_203' title='bbox 662 3384 767 3431; x_wconf 89' lang='lat' dir='ltr'>sensu</span> <span class='ocrx_word' id='word_1_204' title='bbox 784 3361 940 3453; x_wconf 89' lang='lat' dir='ltr'>empisse</span> <span class='ocrx_word' id='word_1_205' title='bbox 957 3361 1129 3430; x_wconf 89' lang='lat' dir='ltr'>videatur.</span> 
     </span>
    </p>

    <p class='ocr_par' dir='ltr' id='par_1_4' title="bbox 174 3473 1222 3799">
     <span class='ocr_line' id='line_1_28' title="bbox 226 3473 1222 3570; baseline 0.003 -27"><span class='ocrx_word' id='word_1_206' title='bbox 226 3473 431 3545; x_wconf 88' lang='lat' dir='ltr'>Redeamus</span> <span class='ocrx_word' id='word_1_207' title='bbox 464 3478 508 3545; x_wconf 91' lang='lat' dir='ltr'>ad</span> <span class='ocrx_word' id='word_1_208' title='bbox 542 3474 768 3570; x_wconf 83' lang='lat' dir='ltr'>AEschylum,</span> <span class='ocrx_word' id='word_1_209' title='bbox 799 3485 836 3546; x_wconf 88' lang='lat' dir='ltr'>et</span> <span class='ocrx_word' id='word_1_210' title='bbox 869 3477 920 3545; x_wconf 78' lang='lat' dir='ltr'>in‘</span> <span class='ocrx_word' id='word_1_211' title='bbox 937 3476 1110 3557; x_wconf 75' lang='grc' dir='ltr'>Εὗμένισιν</span> <span class='ocrx_word' id='word_1_212' title='bbox 1144 3486 1222 3546; x_wconf 87' lang='grc'>191-</span> 
     </span>
     <span class='ocr_line' id='line_1_29' title="bbox 174 3590 1222 3686; baseline 0.005 -29"><span class='ocrx_word' id='word_1_213' title='bbox 174 3596 290 3658; x_wconf 91' lang='lat' dir='ltr'>temus</span> <span class='ocrx_word' id='word_1_214' title='bbox 318 3590 404 3680; x_wconf 93' lang='lat' dir='ltr'>quid</span> <span class='ocrx_word' id='word_1_215' title='bbox 434 3614 477 3660; x_wconf 87' lang='lat' dir='ltr'>ea</span> <span class='ocrx_word' id='word_1_216' title='bbox 503 3592 594 3662; x_wconf 93' lang='lat' dir='ltr'>ratio</span> <span class='ocrx_word' id='word_1_217' title='bbox 624 3592 750 3662; x_wconf 85' lang='lat' dir='ltr'>valeat.</span> <span class='ocrx_word' id='word_1_218' title='bbox 807 3591 930 3661; x_wconf 88' lang='lat' dir='ltr'>Totius</span> <span class='ocrx_word' id='word_1_219' title='bbox 955 3591 1117 3686; x_wconf 81' lang='lat' dir='ltr'>Trilogiae</span> <span class='ocrx_word' id='word_1_220' title='bbox 1145 3592 1222 3662; x_wconf 94' lang='lat' dir='ltr'>No·</span> 
     </span>
     <span class='ocr_line' id='line_1_30' title="bbox 174 3704 1222 3799; baseline 0.006 -27"><span class='ocrx_word' id='word_1_221' title='bbox 174 3704 247 3786; x_wconf 80' lang='lat' dir='ltr'>dno,</span> <span class='ocrx_word' id='word_1_222' title='bbox 277 3705 307 3774; x_wconf 87' lang='lat' dir='ltr'>si</span> <span class='ocrx_word' id='word_1_223' title='bbox 340 3705 433 3776; x_wconf 90' lang='lat' dir='ltr'>forte</span> <span class='ocrx_word' id='word_1_224' title='bbox 466 3709 687 3790; x_wconf 87' lang='lat' dir='ltr'>meministis,</span> <span class='ocrx_word' id='word_1_225' title='bbox 718 3717 898 3799; x_wconf 88' lang='lat' dir='ltr'>supererat</span> <span class='ocrx_word' id='word_1_226' title='bbox 930 3709 968 3777; x_wconf 92' lang='lat' dir='ltr'>in</span> <span class='ocrx_word' id='word_1_227' title='bbox 1002 3706 1129 3777; x_wconf 87' lang='lat' dir='ltr'>ultima</span> <span class='ocrx_word' id='word_1_228' title='bbox 1161 3708 1222 3778; x_wconf 90' lang='lat' dir='ltr'>illa</span> 
     </span>
    </p>
   </div>
   <div class='ocr_carea' id='block_1_3' title="bbox 175 3818 1222 4016">
    <p class='ocr_par' dir='ltr' id='par_1_5' title="bbox 175 3818 1222 4016">
     <span class='ocr_line' id='line_1_31' title="bbox 175 3818 1222 3913; baseline 0.005 -26"><span class='ocrx_word' id='word_1_229' title='bbox 175 3827 273 3908; x_wconf 88' lang='lat' dir='ltr'>parte</span> <span class='ocrx_word' id='word_1_230' title='bbox 299 3818 506 3892; x_wconf 87' lang='lat' dir='ltr'>solvendus:</span> <span class='ocrx_word' id='word_1_231' title='bbox 534 3823 593 3912; x_wconf 92' lang='lat' dir='ltr'>qni</span> <span class='ocrx_word' id='word_1_232' title='bbox 613 3822 741 3892; x_wconf 90' lang='lat' dir='ltr'>Nodns</span> <span class='ocrx_word' id='word_1_233' title='bbox 759 3824 795 3891; x_wconf 93' lang='lat' dir='ltr'>in</span> <span class='ocrx_word' id='word_1_234' title='bbox 814 3845 856 3891; x_wconf 89' lang='lat' dir='ltr'>eo</span> <span class='ocrx_word' id='word_1_235' title='bbox 874 3830 950 3892; x_wconf 88' lang='lat' dir='ltr'>erat</span> <span class='ocrx_word' id='word_1_236' title='bbox 975 3822 1162 3913; x_wconf 88' lang='lat' dir='ltr'>praecipue,</span> <span class='ocrx_word' id='word_1_237' title='bbox 1180 3832 1222 3892; x_wconf 91' lang='lat' dir='ltr'>ut</span> 
     </span>
     <span class='ocr_line' id='line_1_32' title="bbox 175 3927 1222 4016; baseline 0.007 -22"><span class='ocrx_word' id='word_1_238' title='bbox 175 3927 265 3998; x_wconf 89' lang='lat' dir='ltr'>inter</span> <span class='ocrx_word' id='word_1_239' title='bbox 282 3953 320 4001; x_wconf 89' lang='lat' dir='ltr'>se</span> <span class='ocrx_word' id='word_1_240' title='bbox 337 3931 610 4003; x_wconf 90' lang='lat' dir='ltr'>conciliarentur</span> <span class='ocrx_word' id='word_1_241' title='bbox 634 3932 709 4004; x_wconf 89' lang='lat' dir='ltr'>non</span> <span class='ocrx_word' id='word_1_242' title='bbox 731 3935 837 4004; x_wconf 92' lang='lat' dir='ltr'>modo</span> <span class='ocrx_word' id='word_1_243' title='bbox 854 3933 1002 4004; x_wconf 86' lang='lat' dir='ltr'>affectus</span> <span class='ocrx_word' id='word_1_244' title='bbox 1025 3933 1222 4016; x_wconf 88' lang='lat' dir='ltr'>hominurn,</span> 
     </span>
    </p>
   </div>
   <div class='ocr_carea' id='block_1_4' title="bbox 174 4047 1221 4120">
    <p class='ocr_par' dir='ltr' id='par_1_6' title="bbox 174 4047 1221 4120">
     <span class='ocr_line' id='line_1_33' title="bbox 174 4047 1221 4120; baseline 0.004 -8"><span class='ocrx_word' id='word_1_245' title='bbox 174 4047 425 4116; x_wconf 89' lang='lat' dir='ltr'>verumetiam</span> <span class='ocrx_word' id='word_1_246' title='bbox 445 4047 601 4118; x_wconf 90' lang='lat' dir='ltr'>Deorum</span> <span class='ocrx_word' id='word_1_247' title='bbox 625 4048 879 4120; x_wconf 89' lang='lat' dir='ltr'>immortalium</span> <span class='ocrx_word' id='word_1_248' title='bbox 901 4049 1105 4120; x_wconf 87' lang='lat' dir='ltr'>sententiae:</span> <span class='ocrx_word' id='word_1_249' title='bbox 1133 4071 1221 4117; x_wconf 88' lang='lat' dir='ltr'>neve</span> 
     </span>
    </p>
   </div>
   <div class='ocr_carea' id='block_1_5' title="bbox 510 4265 884 4334">
    <p class='ocr_par' dir='ltr' id='par_1_7' title="bbox 510 4265 884 4334">
     <span class='ocr_line' id='line_1_34' title="bbox 510 4265 884 4334; baseline 0.005 -16"><span class='ocrx_word' id='word_1_250' title='bbox 510 4273 520 4296; x_wconf 86' lang='lat'><strong>¹</strong></span> <span class='ocrx_word' id='word_1_251' title='bbox 540 4265 592 4318; x_wconf 74' lang='lat' dir='ltr'>Tne</span> <span class='ocrx_word' id='word_1_252' title='bbox 603 4265 738 4334; x_wconf 70' lang='lat' dir='ltr'>Pilqn&#39;m’s</span> <span class='ocrx_word' id='word_1_253' title='bbox 750 4266 884 4334; x_wconf 70' lang='lat' dir='ltr'>Propresc</span> 
     </span>
    </p>
   </div>
   <div class='ocr_carea' id='block_1_6' title="bbox 0 0 1402 4876">
    <p class='ocr_par' dir='ltr' id='par_1_8' title="bbox 0 0 1402 4876">
     <span class='ocr_line' id='line_1_35' title="bbox 0 0 1402 4876; baseline 0 0"><span class='ocrx_word' id='word_1_254' title='bbox 0 0 1402 4876; x_wconf 95' lang='lat' dir='ltr'> </span> 
     </span>
    </p>
   </div>
  </div>
 </body>
</html>
