2768 4876
168 362 400 403 raamxxxvm.
427 342 490 405 Oar
504 341 537 404 io
553 339 667 404 dioims
682 339 739 404 lori
753 339 853 404 sedatio
868 341 1066 403 contincatur.
1151 338 1214 404 777

169 514 334 606 Apolline
351 516 545 606 praesertim
561 537 602 583 ao
617 513 741 595 Diana,
759 514 900 582 honoris
917 512 1031 605 grat-ia
1046 533 1117 578 non
1136 533 1212 578 raro

168 631 200 697 in
219 629 356 711 similia,
375 653 452 720 quae
471 637 608 711 vocant,
627 629 784 698 relatisc.

306 767 400 825 Qualis
413 768 440 821 in
453 768 562 821 Eurotae
574 767 647 837 ripiS,
661 777 707 821 aut
720 785 766 837 per
775 768 842 838 juga
855 765 954 837 Cynthi

306 853 418 906 Exercet
432 854 520 907 Diana
531 853 642 916 choms3
662 871 743 924 quam
755 854 827 907 mille
839 862 936 907 secutae

306 938 378 992 Hinc
391 948 469 1010 atque
481 939 543 992 hinc
556 941 738 1008 glomerantur
751 937 884 1018 Oreades.¹

305 1034 319 1063 ⁰
329 1026 422 1084 Qualis
434 1025 481 1079 ubi
493 1025 640 1096 hybernam
654 1025 770 1095 Lyciam,
784 1024 937 1095 Xanthique
949 1024 1048 1078 fluenta

305 1111 420 1174 Deserit,
434 1129 464 1164 ac
478 1113 577 1165 Delum
589 1120 737 1165 maternam
748 1111 838 1166 invisit
851 1111 956 1180 Apollo,

307 1196 493 1268 Instauratque
506 1198 617 1261 choros;
636 1197 765 1268 mixtique
777 1197 868 1251 altaria
880 1196 980 1250 circum

306 1282 450 1355 Cretesque
464 1286 638 1356 Dryopesque
650 1285 776 1347 fremunt,
789 1283 904 1355 pictique
916 1283 1077 1353 Agathyrsi3

307 1370 367 1440 lpse
376 1371 450 1442 jugis
465 1371 564 1442 Cynthi
576 1371 705 1442 graditur.
1178 1445 1186 1453 ῃ

215 1492 424 1585 Elegantius
447 1492 561 1562 multo
582 1493 656 1562 haeo
678 1493 819 1574 extulit,
838 1493 1024 1586 aptiusque
1051 1493 1094 1561 ad
1122 1493 1213 1588 hop-

166 1609 256 1699 γείαν
275 1607 382 1690 illam,
394 1631 499 1699 quam
518 1616 702 1701 tantopere
720 1608 874 1688 laudant,
889 1609 1105 1689 servandam,
1118 1608 1212 1698 quod

165 1726 307 1794 nomine
332 1725 523 1816 appellavit
545 1724 687 1807 Delum,
708 1723 864 1817 Lyciam,
884 1712 1081 1805 Xanthum,
1102 1724 1214 1792 Euro-

165 1850 249 1921 tam,
267 1864 337 1931 prae
356 1843 493 1911 caeteris
512 1841 702 1933 Cynthum
722 1840 850 1910 collem
868 1864 938 1910 non
957 1840 1026 1909 levi
1045 1839 1214 1932 religione

164 1956 401 2026 observatum.
458 1957 639 2026 Nimirum
676 1957 770 2048 quod
811 1958 975 2038 diximus,
1015 1955 1214 2026 historiolae

164 2073 336 2164 ejusmodi
364 2057 533 2163 majorem
561 2073 675 2143 multo
703 2096 777 2164 prae
804 2095 841 2142 se
867 2073 958 2142 ferre
984 2083 1128 2164 propter
1152 2096 1215 2142 no-

163 2189 261 2256 mina
287 2188 444 2257 veritatis
471 2190 635 2280 speciem,
662 2212 704 2258 ea
734 2211 788 2258 res
816 2190 853 2257 iu
881 2189 923 2258 iis
949 2187 1005 2256 vel
1036 2189 1213 2279 praeoipue

165 2303 269 2384 valet,
289 2327 369 2396 quae
387 2304 430 2373 ad
451 2303 608 2373 Deorum
630 2313 804 2397 portenta,
823 2305 1008 2394 visumque
1025 2305 1213 2394 pertinent.

166 2420 297 2511 Neque
316 2421 429 2489 verior
450 2420 566 2502 modo,
584 2421 645 2489 sed
672 2429 709 2489 et
734 2422 875 2512 propior
896 2420 936 2489 iit
955 2421 1214 2510 quodammodo

164 2535 335 2605 mirabilis
364 2534 424 2605 illa
456 2534 624 2605 Numinis
657 2536 860 2615 Praesentia,
891 2534 996 2604 simul
1030 2544 1138 2625 atque
1173 2560 1215 2605 ea

164 2657 261 2719 certo
296 2648 414 2740 aliquo
449 2673 489 2720 ac
524 2650 686 2719 familiari
721 2652 913 2742 praesertim
949 2650 1027 2720 looo
1058 2651 1212 2720 liniatur.

165 2766 270 2849 Quod
300 2767 336 2834 in
361 2767 436 2858 ipsa
462 2790 602 2858 quoque
630 2767 799 2860 religione
825 2790 866 2836 ao
895 2767 1092 2835 reverentia
1117 2766 1214 2834 iano-

165 2904 254 2962 rum,
277 2881 473 2974 adytorum,
498 2881 730 2962 oraculorum,
752 2892 789 2950 et
815 2882 930 2973 siquid
956 2882 1028 2950 tale
1055 2882 1213 2962 colimus,

166 2997 315 3076 videtur,
350 3005 485 3065 naturae
521 2999 672 3088 quadam
707 2996 797 3090 lege,
828 2996 884 3066 vel
928 2999 1058 3088 primas
1092 3007 1213 3066 tenere

164 3119 292 3203 partes.
338 3110 535 3181 Nominato
546 3111 711 3181 videlicet
730 3111 819 3195 looO,
832 3113 992 3201 quamvis
1009 3112 1213 3205 longinquo,

159 3227 266 3318 juxta
278 3250 385 3317 quem
399 3237 566 3296 evenerat
582 3237 743 3298 sanctum
762 3227 893 3317 aliquid
908 3250 949 3296 ao
962 3229 1212 3321 prodigiosum,

165 3342 397 3435 intelligimus
414 3341 518 3423 ultro,
537 3366 612 3412 esse
630 3343 807 3434 quoddam
834 3341 1070 3423 intervallum,
1089 3342 1215 3413 latissi-

165 3479 264 3525 mum
300 3456 396 3539 licet,
424 3466 461 3526 at
492 3458 797 3549 circumscriptum
830 3459 901 3526 suis
932 3465 1052 3527 tamen
1083 3459 1213 3548 spatiis,

166 3582 333 3663 certaque
349 3594 523 3652 mensura,
536 3573 606 3663 quo
625 3596 688 3642 nos
706 3574 771 3663 ipsi
786 3572 997 3642 distinemur
1016 3596 1036 3641 a
1054 3573 1136 3642 sede
1154 3572 1215 3642 illa

167 3686 380 3768 Numinum,
404 3698 511 3778 atque
534 3688 622 3757 adeo
649 3713 670 3758 a
697 3688 915 3757 Numinibus
938 3688 1030 3779 ipsis.
1084 3688 1216 3778 Ecquis

166 3805 325 3873 omnium
356 3828 488 3887 eorum,
520 3807 579 3896 qul
612 3807 729 3875 animo
759 3814 898 3875 attento
929 3806 1058 3896 pioque
1090 3806 1214 3898 legunt

168 3917 294 3989 Libros
311 3918 389 3988 illos
411 3942 492 3988 vero
512 3919 770 4003 Saorosanctos,
789 3944 860 3989 non
887 3943 923 3989 se
948 3921 1103 4012 graviter
1120 3945 1215 3990 com-

165 4037 300 4104 moveri
327 4037 444 4116 sentit,
463 4037 652 4105 nominatis
676 4036 781 4105 modo
807 4036 953 4128 oppidis,
972 4035 1097 4118 fluviis,
1115 4060 1215 4106 mon-

166 4150 271 4230 tibus,
291 4151 351 4219 ubi
370 4174 406 4220 se
428 4151 531 4220 solito
550 4152 745 4242 propiorem
766 4151 920 4220 ostendit
939 4149 1066 4220 Dsusl
1109 4151 1215 4221 Max-

307 4360 322 4389 ¹¹
336 4351 403 4405 AEa.
421 4369 443 4404 1.
456 4366 517 4420 495.
863 4353 957 4406 0Ibid.
972 4373 997 4419 4.
1014 4371 1072 4422 143.
