<?xml version="1.0" encoding="UTF-8"?>
<!DOCTYPE html PUBLIC "-//W3C//DTD XHTML 1.0 Transitional//EN"
    "http://www.w3.org/TR/xhtml1/DTD/xhtml1-transitional.dtd">
<html xmlns="http://www.w3.org/1999/xhtml" xml:lang="en" lang="en">
 <head>
  <title>
</title>
<meta http-equiv="Content-Type" content="text/html;charset=utf-8" />
  <meta name='ocr-system' content='tesseract 3.04.00' />
  <meta name='ocr-capabilities' content='ocr_page ocr_carea ocr_par ocr_line ocrx_word'/>
</head>
<body>
  <div class='ocr_page' id='page_1' title='image "./depoeticaevimed00keblgoog_0045.png"; bbox 0 0 2768 4876; ppageno 0'>
   <div class='ocr_carea' id='block_1_1' title="bbox 164 290 1214 377">
    <p class='ocr_par' dir='ltr' id='par_1_1' title="bbox 164 290 1214 377">
     <span class='ocr_line' id='line_1_1' title="bbox 164 290 1214 377; baseline 0.004 -25"><span class='ocrx_word' id='word_1_1' title='bbox 164 290 228 353; x_wconf 72' lang='grc'>420</span> <span class='ocrx_word' id='word_1_2' title='bbox 272 290 720 377; x_wconf 63' lang='lat' dir='ltr'>Siqaiyicuriprrssmnawidas</span> <span class='ocrx_word' id='word_1_3' title='bbox 730 293 820 358; x_wconf 82' lang='lat' dir='ltr'>Iram</span> <span class='ocrx_word' id='word_1_4' title='bbox 830 292 1003 358; x_wconf 73' lang='lat' dir='ltr'>Divinum:</span> <span class='ocrx_word' id='word_1_5' title='bbox 1028 307 1214 358; x_wconf 73' lang='lat' dir='ltr'>raanxxm</span> 
     </span>
    </p>
   </div>
   <div class='ocr_carea' id='block_1_2' title="bbox 165 461 1217 671">
    <p class='ocr_par' dir='ltr' id='par_1_2' title="bbox 165 461 1217 671">
     <span class='ocr_line' id='line_1_2' title="bbox 165 461 1217 546; baseline 0.005 -17"><span class='ocrx_word' id='word_1_6' title='bbox 165 461 377 546; x_wconf 85' lang='lat' dir='ltr'>dubitamus,</span> <span class='ocrx_word' id='word_1_7' title='bbox 408 465 627 534; x_wconf 85' lang='lat' dir='ltr'>incremento</span> <span class='ocrx_word' id='word_1_8' title='bbox 658 489 729 534; x_wconf 89' lang='lat' dir='ltr'>uon</span> <span class='ocrx_word' id='word_1_9' title='bbox 760 464 900 534; x_wconf 90' lang='lat' dir='ltr'>modico</span> <span class='ocrx_word' id='word_1_10' title='bbox 931 465 1045 533; x_wconf 90' lang='lat' dir='ltr'>ornari</span> <span class='ocrx_word' id='word_1_11' title='bbox 1072 465 1146 532; x_wconf 80' lang='lat' dir='ltr'>vim</span> <span class='ocrx_word' id='word_1_12' title='bbox 1175 487 1217 534; x_wconf 91' lang='lat' dir='ltr'>ac</span> 
     </span>
     <span class='ocr_line' id='line_1_3' title="bbox 165 575 633 671; baseline 0.006 -25"><span class='ocrx_word' id='word_1_13' title='bbox 165 575 340 647; x_wconf 85' lang='lat' dir='ltr'>fervorem</span> <span class='ocrx_word' id='word_1_14' title='bbox 358 577 521 671; x_wconf 86' lang='lat' dir='ltr'>profundi</span> <span class='ocrx_word' id='word_1_15' title='bbox 541 579 633 649; x_wconf 72' lang='lat' dir='ltr'>oris?</span> 
     </span>
    </p>
   </div>
   <div class='ocr_carea' id='block_1_3' title="bbox 412 751 911 826">
    <p class='ocr_par' dir='ltr' id='par_1_3' title="bbox 412 751 911 826">
     <span class='ocr_line' id='line_1_4' title="bbox 412 751 911 826; baseline -0.002 -15"><span class='ocrx_word' id='word_1_16' title='bbox 412 751 484 815; x_wconf 78' lang='grc' dir='ltr'><em>ἕπου,</em></span> <span class='ocrx_word' id='word_1_17' title='bbox 498 753 606 825; x_wconf 81' lang='grc' dir='ltr'>μάραινε</span> <span class='ocrx_word' id='word_1_18' title='bbox 618 753 746 826; x_wconf 75' lang='grc' dir='ltr'>δευτέροις</span> <span class='ocrx_word' id='word_1_19' title='bbox 759 755 911 826; x_wconf 74' lang='grc' dir='ltr'><strong><em>διώγμασιν,</em></strong></span> 
     </span>
    </p>
   </div>
   <div class='ocr_carea' id='block_1_4' title="bbox 164 921 1223 4218">
    <p class='ocr_par' dir='ltr' id='par_1_4' title="bbox 164 921 1220 1584">
     <span class='ocr_line' id='line_1_5' title="bbox 166 921 1218 1015; baseline 0.001 -24"><span class='ocrx_word' id='word_1_20' title='bbox 166 921 276 1003; x_wconf 80' lang='lat' dir='ltr'><strong>Quasi</strong></span> <span class='ocrx_word' id='word_1_21' title='bbox 299 922 404 1003; x_wconf 87' lang='lat' dir='ltr'>dicat,</span> <span class='ocrx_word' id='word_1_22' title='bbox 423 921 558 992; x_wconf 90' lang='lat' dir='ltr'>“Nulli</span> <span class='ocrx_word' id='word_1_23' title='bbox 581 933 679 993; x_wconf 87' lang='lat' dir='ltr'>certa</span> <span class='ocrx_word' id='word_1_24' title='bbox 703 948 774 1015; x_wconf 85' lang='lat' dir='ltr'>pax</span> <span class='ocrx_word' id='word_1_25' title='bbox 795 925 873 1007; x_wconf 87' lang='lat' dir='ltr'>erit,</span> <span class='ocrx_word' id='word_1_26' title='bbox 894 925 1081 998; x_wconf 92' lang='lat' dir='ltr'>commisso</span> <span class='ocrx_word' id='word_1_27' title='bbox 1107 923 1218 994; x_wconf 86' lang='lat' dir='ltr'>semel</span> 
     </span>
     <span class='ocr_line' id='line_1_6' title="bbox 164 1037 1219 1130; baseline 0.003 -26"><span class='ocrx_word' id='word_1_28' title='bbox 164 1037 202 1104; x_wconf 91' lang='lat' dir='ltr'>iu</span> <span class='ocrx_word' id='word_1_29' title='bbox 224 1046 408 1127; x_wconf 83' lang='lat' dir='ltr'>parentem</span> <span class='ocrx_word' id='word_1_30' title='bbox 430 1037 575 1129; x_wconf 86' lang='lat' dir='ltr'>flagitio.</span> <span class='ocrx_word' id='word_1_31' title='bbox 628 1038 719 1110; x_wconf 85' lang='lat' dir='ltr'>Fieri</span> <span class='ocrx_word' id='word_1_32' title='bbox 739 1048 867 1130; x_wconf 91' lang='lat' dir='ltr'>potest,</span> <span class='ocrx_word' id='word_1_33' title='bbox 886 1047 927 1108; x_wconf 93' lang='lat' dir='ltr'>ut</span> <span class='ocrx_word' id='word_1_34' title='bbox 947 1040 993 1108; x_wconf 84' lang='lat' dir='ltr'>ad</span> <span class='ocrx_word' id='word_1_35' title='bbox 1015 1037 1139 1108; x_wconf 87' lang='lat' dir='ltr'>horam</span> <span class='ocrx_word' id='word_1_36' title='bbox 1164 1061 1219 1107; x_wconf 86' lang='lat' dir='ltr'>re-</span> 
     </span>
     <span class='ocr_line' id='line_1_7' title="bbox 165 1151 1220 1243; baseline 0.004 -25"><span class='ocrx_word' id='word_1_37' title='bbox 165 1151 323 1241; x_wconf 88' lang='lat' dir='ltr'>quiescat</span> <span class='ocrx_word' id='word_1_38' title='bbox 341 1152 490 1232; x_wconf 86' lang='lat' dir='ltr'>animus,</span> <span class='ocrx_word' id='word_1_39' title='bbox 508 1153 659 1222; x_wconf 88' lang='lat' dir='ltr'>confisus</span> <span class='ocrx_word' id='word_1_40' title='bbox 677 1153 734 1222; x_wconf 87' lang='lat' dir='ltr'>vel</span> <span class='ocrx_word' id='word_1_41' title='bbox 758 1155 932 1224; x_wconf 85' lang='lat' dir='ltr'>sanctiore</span> <span class='ocrx_word' id='word_1_42' title='bbox 953 1153 1042 1235; x_wconf 89' lang='lat' dir='ltr'>loco,</span> <span class='ocrx_word' id='word_1_43' title='bbox 1061 1152 1118 1222; x_wconf 85' lang='lat' dir='ltr'>vel</span> <span class='ocrx_word' id='word_1_44' title='bbox 1139 1175 1220 1243; x_wconf 91' lang='lat' dir='ltr'>pro·</span> 
     </span>
     <span class='ocr_line' id='line_1_8' title="bbox 165 1264 1218 1359; baseline 0.003 -26"><span class='ocrx_word' id='word_1_45' title='bbox 165 1266 272 1356; x_wconf 90' lang='lat' dir='ltr'>pioris</span> <span class='ocrx_word' id='word_1_46' title='bbox 302 1264 372 1334; x_wconf 92' lang='lat' dir='ltr'>Dei</span> <span class='ocrx_word' id='word_1_47' title='bbox 403 1266 542 1336; x_wconf 89' lang='lat' dir='ltr'>favore:</span> <span class='ocrx_word' id='word_1_48' title='bbox 581 1276 805 1337; x_wconf 88' lang='lat' dir='ltr'>revertentur</span> <span class='ocrx_word' id='word_1_49' title='bbox 836 1277 957 1338; x_wconf 86' lang='lat' dir='ltr'>autem</span> <span class='ocrx_word' id='word_1_50' title='bbox 988 1276 1069 1359; x_wconf 89' lang='lat' dir='ltr'>post</span> <span class='ocrx_word' id='word_1_51' title='bbox 1098 1266 1218 1358; x_wconf 88' lang='lat' dir='ltr'>paullo</span> 
     </span>
     <span class='ocr_line' id='line_1_9' title="bbox 167 1377 1219 1474; baseline 0.004 -27"><span class='ocrx_word' id='word_1_52' title='bbox 167 1377 273 1461; x_wconf 84' lang='lat' dir='ltr'>Dirae,</span> <span class='ocrx_word' id='word_1_53' title='bbox 290 1379 397 1449; x_wconf 87' lang='lat' dir='ltr'>nullis</span> <span class='ocrx_word' id='word_1_54' title='bbox 422 1380 573 1454; x_wconf 83' lang='lat' dir='ltr'>exclusae</span> <span class='ocrx_word' id='word_1_55' title='bbox 598 1404 665 1451; x_wconf 91' lang='lat' dir='ltr'>nec</span> <span class='ocrx_word' id='word_1_56' title='bbox 691 1381 850 1455; x_wconf 88' lang='lat' dir='ltr'>locorum</span> <span class='ocrx_word' id='word_1_57' title='bbox 875 1405 991 1472; x_wconf 89' lang='lat' dir='ltr'>neque</span> <span class='ocrx_word' id='word_1_58' title='bbox 1017 1391 1219 1474; x_wconf 87' lang='lat' dir='ltr'>temporum</span> 
     </span>
     <span class='ocr_line' id='line_1_10' title="bbox 166 1493 318 1584; baseline 0.007 -24"><span class='ocrx_word' id='word_1_59' title='bbox 166 1493 318 1584; x_wconf 86' lang='lat' dir='ltr'>spatiis.”</span> 
     </span>
    </p>

    <p class='ocr_par' dir='ltr' id='par_1_5' title="bbox 167 1605 1222 2616">
     <span class='ocr_line' id='line_1_11' title="bbox 219 1605 1220 1701; baseline -0.001 -26"><span class='ocrx_word' id='word_1_60' title='bbox 219 1607 300 1688; x_wconf 86' lang='lat' dir='ltr'>Sed,</span> <span class='ocrx_word' id='word_1_61' title='bbox 326 1631 372 1677; x_wconf 89' lang='lat' dir='ltr'>ne</span> <span class='ocrx_word' id='word_1_62' title='bbox 398 1609 490 1678; x_wconf 91' lang='lat' dir='ltr'>circa</span> <span class='ocrx_word' id='word_1_63' title='bbox 520 1608 677 1701; x_wconf 91' lang='lat' dir='ltr'>singulos</span> <span class='ocrx_word' id='word_1_64' title='bbox 707 1629 886 1676; x_wconf 84' lang='lat' dir='ltr'>moremur</span> <span class='ocrx_word' id='word_1_65' title='bbox 911 1605 1121 1689; x_wconf 82' lang='lat' dir='ltr'>versiculos3</span> <span class='ocrx_word' id='word_1_66' title='bbox 1157 1627 1220 1674; x_wconf 86' lang='lat' dir='ltr'>ex·</span> 
     </span>
     <span class='ocr_line' id='line_1_12' title="bbox 167 1721 1221 1814; baseline -0.001 -24"><span class='ocrx_word' id='word_1_67' title='bbox 167 1723 362 1814; x_wconf 80' lang='lat' dir='ltr'>pendamus</span> <span class='ocrx_word' id='word_1_68' title='bbox 395 1723 502 1792; x_wconf 90' lang='lat' dir='ltr'>modo</span> <span class='ocrx_word' id='word_1_69' title='bbox 538 1724 649 1791; x_wconf 89' lang='lat' dir='ltr'>totius</span> <span class='ocrx_word' id='word_1_70' title='bbox 678 1721 774 1813; x_wconf 86' lang='lat' dir='ltr'>fugae</span> <span class='ocrx_word' id='word_1_71' title='bbox 803 1721 948 1802; x_wconf 88' lang='lat' dir='ltr'>Orestis,</span> <span class='ocrx_word' id='word_1_72' title='bbox 980 1722 1017 1793; x_wconf 91' lang='lat' dir='ltr'>id</span> <span class='ocrx_word' id='word_1_73' title='bbox 1047 1731 1112 1802; x_wconf 87' lang='lat' dir='ltr'>est,</span> <span class='ocrx_word' id='word_1_74' title='bbox 1142 1722 1221 1790; x_wconf 89' lang='lat' dir='ltr'>uni-</span> 
     </span>
     <span class='ocr_line' id='line_1_13' title="bbox 168 1835 1221 1929; baseline 0.002 -27"><span class='ocrx_word' id='word_1_75' title='bbox 168 1859 275 1906; x_wconf 83' lang='lat' dir='ltr'>versae</span> <span class='ocrx_word' id='word_1_76' title='bbox 292 1836 397 1927; x_wconf 89' lang='lat' dir='ltr'>hujus</span> <span class='ocrx_word' id='word_1_77' title='bbox 414 1837 621 1929; x_wconf 79' lang='lat' dir='ltr'>Tragoedias,</span> <span class='ocrx_word' id='word_1_78' title='bbox 638 1838 822 1906; x_wconf 87' lang='lat' dir='ltr'>rationem.</span> <span class='ocrx_word' id='word_1_79' title='bbox 875 1836 971 1905; x_wconf 83' lang='lat' dir='ltr'>Eam&#39;</span> <span class='ocrx_word' id='word_1_80' title='bbox 982 1836 1040 1906; x_wconf 92' lang='lat' dir='ltr'>hic</span> <span class='ocrx_word' id='word_1_81' title='bbox 1057 1835 1221 1928; x_wconf 84' lang='lat' dir='ltr'>intelligo</span> 
     </span>
     <span class='ocr_line' id='line_1_14' title="bbox 167 1951 1221 2041; baseline 0 -21"><span class='ocrx_word' id='word_1_82' title='bbox 167 1952 353 2030; x_wconf 87' lang='lat' dir='ltr'>rationem,</span> <span class='ocrx_word' id='word_1_83' title='bbox 380 1973 486 2041; x_wconf 89' lang='lat' dir='ltr'>quam</span> <span class='ocrx_word' id='word_1_84' title='bbox 514 1953 611 2020; x_wconf 91' lang='lat' dir='ltr'>intus</span> <span class='ocrx_word' id='word_1_85' title='bbox 638 1953 675 2024; x_wconf 91' lang='lat' dir='ltr'>iu</span> <span class='ocrx_word' id='word_1_86' title='bbox 702 1974 740 2020; x_wconf 90' lang='lat' dir='ltr'>se</span> <span class='ocrx_word' id='word_1_87' title='bbox 769 1951 879 2023; x_wconf 88' lang='lat' dir='ltr'>habet</span> <span class='ocrx_word' id='word_1_88' title='bbox 900 1952 1144 2021; x_wconf 78' lang='lat' dir='ltr'>absconditam</span> <span class='ocrx_word' id='word_1_89' title='bbox 1169 1952 1221 2020; x_wconf 89' lang='lat' dir='ltr'>fa-</span> 
     </span>
     <span class='ocr_line' id='line_1_15' title="bbox 168 2065 1221 2157; baseline -0.001 -22"><span class='ocrx_word' id='word_1_90' title='bbox 168 2065 274 2145; x_wconf 81' lang='lat' dir='ltr'>bula3</span> <span class='ocrx_word' id='word_1_91' title='bbox 310 2088 416 2154; x_wconf 89' lang='lat' dir='ltr'>quam</span> <span class='ocrx_word' id='word_1_92' title='bbox 447 2087 519 2132; x_wconf 89' lang='lat' dir='ltr'>non</span> <span class='ocrx_word' id='word_1_93' title='bbox 549 2065 642 2135; x_wconf 87' lang='lat' dir='ltr'>male</span> <span class='ocrx_word' id='word_1_94' title='bbox 673 2066 820 2135; x_wconf 87' lang='lat' dir='ltr'>fortasse</span> <span class='ocrx_word' id='word_1_95' title='bbox 848 2087 1012 2136; x_wconf 78' lang='lat' dir='ltr'>arcanum</span> <span class='ocrx_word' id='word_1_96' title='bbox 1041 2065 1221 2157; x_wconf 87' lang='lat' dir='ltr'>appellare</span> 
     </span>
     <span class='ocr_line' id='line_1_16' title="bbox 168 2180 1221 2271; baseline -0.001 -21"><span class='ocrx_word' id='word_1_97' title='bbox 168 2182 289 2271; x_wconf 89' lang='lat' dir='ltr'>possis.</span> <span class='ocrx_word' id='word_1_98' title='bbox 343 2180 396 2249; x_wconf 89' lang='lat' dir='ltr'>Ea</span> <span class='ocrx_word' id='word_1_99' title='bbox 413 2180 526 2250; x_wconf 87' lang='lat' dir='ltr'>tribus</span> <span class='ocrx_word' id='word_1_100' title='bbox 543 2181 616 2250; x_wconf 87' lang='lat' dir='ltr'>fere</span> <span class='ocrx_word' id='word_1_101' title='bbox 635 2181 785 2249; x_wconf 87' lang='lat' dir='ltr'>vertitur</span> <span class='ocrx_word' id='word_1_102' title='bbox 805 2181 842 2250; x_wconf 92' lang='lat' dir='ltr'>in</span> <span class='ocrx_word' id='word_1_103' title='bbox 859 2181 974 2250; x_wconf 89' lang='lat' dir='ltr'>rebus.</span> <span class='ocrx_word' id='word_1_104' title='bbox 1013 2181 1104 2250; x_wconf 87' lang='lat' dir='ltr'>Cum</span> <span class='ocrx_word' id='word_1_105' title='bbox 1123 2181 1221 2250; x_wconf 85' lang='lat' dir='ltr'>enim</span> 
     </span>
     <span class='ocr_line' id='line_1_17' title="bbox 168 2294 1221 2386; baseline -0.002 -21"><span class='ocrx_word' id='word_1_106' title='bbox 168 2318 306 2369; x_wconf 89' lang='lat' dir='ltr'>summa</span> <span class='ocrx_word' id='word_1_107' title='bbox 329 2297 439 2366; x_wconf 89' lang='lat' dir='ltr'>totius</span> <span class='ocrx_word' id='word_1_108' title='bbox 467 2318 594 2378; x_wconf 86' lang='lat' dir='ltr'>causae,</span> <span class='ocrx_word' id='word_1_109' title='bbox 618 2294 730 2364; x_wconf 84' lang='lat' dir='ltr'>veluti</span> <span class='ocrx_word' id='word_1_110' title='bbox 755 2296 918 2377; x_wconf 86' lang='lat' dir='ltr'>diximus,</span> <span class='ocrx_word' id='word_1_111' title='bbox 944 2295 1147 2386; x_wconf 84' lang='lat' dir='ltr'>provocatio</span> <span class='ocrx_word' id='word_1_112' title='bbox 1172 2296 1221 2364; x_wconf 88' lang='lat' dir='ltr'>sit</span> 
     </span>
     <span class='ocr_line' id='line_1_18' title="bbox 169 2409 1222 2501; baseline 0 -23"><span class='ocrx_word' id='word_1_113' title='bbox 169 2410 343 2501; x_wconf 85' lang='lat' dir='ltr'>quaedam,</span> <span class='ocrx_word' id='word_1_114' title='bbox 375 2410 566 2480; x_wconf 88' lang='lat' dir='ltr'>videndum</span> <span class='ocrx_word' id='word_1_115' title='bbox 596 2409 711 2500; x_wconf 89' lang='lat' dir='ltr'>primo</span> <span class='ocrx_word' id='word_1_116' title='bbox 737 2410 837 2500; x_wconf 86' lang='lat' dir='ltr'>cujus</span> <span class='ocrx_word' id='word_1_117' title='bbox 863 2433 909 2478; x_wconf 86' lang='lat' dir='ltr'>ex</span> <span class='ocrx_word' id='word_1_118' title='bbox 937 2411 1115 2481; x_wconf 86' lang='lat' dir='ltr'>sententia</span> <span class='ocrx_word' id='word_1_119' title='bbox 1140 2432 1222 2501; x_wconf 86' lang='lat' dir='ltr'>pro-</span> 
     </span>
     <span class='ocr_line' id='line_1_19' title="bbox 170 2524 1191 2616; baseline -0.002 -23"><span class='ocrx_word' id='word_1_120' title='bbox 170 2533 337 2606; x_wconf 80' lang='lat' dir='ltr'>vocetur3</span> <span class='ocrx_word' id='word_1_121' title='bbox 365 2524 502 2605; x_wconf 85' lang='lat' dir='ltr'>deinde,</span> <span class='ocrx_word' id='word_1_122' title='bbox 521 2546 591 2616; x_wconf 95' lang='lat' dir='ltr'>quo</span> <span class='ocrx_word' id='word_1_123' title='bbox 608 2531 776 2605; x_wconf 84' lang='lat' dir='ltr'>auctore3</span> <span class='ocrx_word' id='word_1_124' title='bbox 802 2532 993 2614; x_wconf 88' lang='lat' dir='ltr'>postremo,</span> <span class='ocrx_word' id='word_1_125' title='bbox 1011 2525 1056 2593; x_wconf 90' lang='lat' dir='ltr'>ad</span> <span class='ocrx_word' id='word_1_126' title='bbox 1073 2546 1191 2614; x_wconf 90' lang='lat' dir='ltr'>quem.</span> 
     </span>
    </p>

    <p class='ocr_par' dir='ltr' id='par_1_6' title="bbox 170 2639 1222 4104">
     <span class='ocr_line' id='line_1_20' title="bbox 221 2639 1220 2731; baseline 0.002 -25"><span class='ocrx_word' id='word_1_127' title='bbox 221 2639 340 2707; x_wconf 90' lang='lat' dir='ltr'>Primo</span> <span class='ocrx_word' id='word_1_128' title='bbox 368 2640 488 2731; x_wconf 89' lang='lat' dir='ltr'>igitur,</span> <span class='ocrx_word' id='word_1_129' title='bbox 512 2661 675 2728; x_wconf 88' lang='lat' dir='ltr'>quaenam</span> <span class='ocrx_word' id='word_1_130' title='bbox 704 2646 796 2720; x_wconf 90' lang='lat' dir='ltr'>suut,</span> <span class='ocrx_word' id='word_1_131' title='bbox 823 2639 953 2728; x_wconf 85' lang='lat' dir='ltr'>quidve</span> <span class='ocrx_word' id='word_1_132' title='bbox 979 2639 1126 2708; x_wconf 90' lang='lat' dir='ltr'>tandem</span> <span class='ocrx_word' id='word_1_133' title='bbox 1154 2639 1220 2709; x_wconf 93' lang='lat' dir='ltr'>sibi</span> 
     </span>
     <span class='ocr_line' id='line_1_21' title="bbox 170 2752 1222 2843; baseline 0 -21"><span class='ocrx_word' id='word_1_134' title='bbox 170 2752 295 2822; x_wconf 87' lang='lat' dir='ltr'>volunt</span> <span class='ocrx_word' id='word_1_135' title='bbox 326 2754 401 2825; x_wconf 86' lang='lat' dir='ltr'>istae</span> <span class='ocrx_word' id='word_1_136' title='bbox 429 2753 656 2835; x_wconf 85' lang='lat' dir='ltr'>Eumenides,</span> <span class='ocrx_word' id='word_1_137' title='bbox 688 2775 837 2843; x_wconf 90' lang='lat' dir='ltr'>quarum</span> <span class='ocrx_word' id='word_1_138' title='bbox 866 2755 924 2824; x_wconf 94' lang='lat' dir='ltr'>hic</span> <span class='ocrx_word' id='word_1_139' title='bbox 953 2754 1113 2826; x_wconf 88' lang='lat' dir='ltr'>videmus</span> <span class='ocrx_word' id='word_1_140' title='bbox 1143 2776 1222 2824; x_wconf 89' lang='lat' dir='ltr'>sen-</span> 
     </span>
     <span class='ocr_line' id='line_1_22' title="bbox 170 2867 1222 2960; baseline 0 -23"><span class='ocrx_word' id='word_1_141' title='bbox 170 2870 319 2937; x_wconf 88' lang='lat' dir='ltr'>tentiam</span> <span class='ocrx_word' id='word_1_142' title='bbox 338 2867 540 2936; x_wconf 91' lang='lat' dir='ltr'>indubium</span> <span class='ocrx_word' id='word_1_143' title='bbox 561 2867 698 2936; x_wconf 73' lang='lat' dir='ltr'>vocari?</span> <span class='ocrx_word' id='word_1_144' title='bbox 742 2868 786 2936; x_wconf 91' lang='lat' dir='ltr'>In</span> <span class='ocrx_word' id='word_1_145' title='bbox 804 2868 962 2950; x_wconf 87' lang='lat' dir='ltr'>dubium,</span> <span class='ocrx_word' id='word_1_146' title='bbox 979 2870 1144 2960; x_wconf 86' lang='lat' dir='ltr'>inquam;</span> <span class='ocrx_word' id='word_1_147' title='bbox 1170 2870 1222 2938; x_wconf 87' lang='lat' dir='ltr'>ita</span> 
     </span>
     <span class='ocr_line' id='line_1_23' title="bbox 170 2981 1221 3064; baseline 0.001 -12"><span class='ocrx_word' id='word_1_148' title='bbox 170 2992 302 3064; x_wconf 88' lang='lat' dir='ltr'>tamen,</span> <span class='ocrx_word' id='word_1_149' title='bbox 337 2989 378 3050; x_wconf 90' lang='lat' dir='ltr'>ut</span> <span class='ocrx_word' id='word_1_150' title='bbox 409 2981 543 3050; x_wconf 87' lang='lat' dir='ltr'>eisdem</span> <span class='ocrx_word' id='word_1_151' title='bbox 576 2982 795 3051; x_wconf 84' lang='lat' dir='ltr'>sanctissime</span> <span class='ocrx_word' id='word_1_152' title='bbox 833 2992 993 3053; x_wconf 85' lang='lat' dir='ltr'>servetur</span> <span class='ocrx_word' id='word_1_153' title='bbox 1025 3006 1088 3053; x_wconf 85' lang='lat' dir='ltr'>sua</span> <span class='ocrx_word' id='word_1_154' title='bbox 1121 3006 1221 3053; x_wconf 85' lang='lat' dir='ltr'>reve·</span> 
     </span>
     <span class='ocr_line' id='line_1_24' title="bbox 170 3094 1222 3177; baseline 0.003 -13"><span class='ocrx_word' id='word_1_155' title='bbox 170 3097 305 3177; x_wconf 82' lang='lat' dir='ltr'>rentia3</span> <span class='ocrx_word' id='word_1_156' title='bbox 332 3118 422 3164; x_wconf 84' lang='lat' dir='ltr'>neve</span> <span class='ocrx_word' id='word_1_157' title='bbox 443 3094 552 3164; x_wconf 86' lang='lat' dir='ltr'>semel</span> <span class='ocrx_word' id='word_1_158' title='bbox 578 3095 623 3164; x_wconf 91' lang='lat' dir='ltr'>ab</span> <span class='ocrx_word' id='word_1_159' title='bbox 640 3095 682 3165; x_wconf 92' lang='lat' dir='ltr'>iis</span> <span class='ocrx_word' id='word_1_160' title='bbox 701 3096 885 3166; x_wconf 88' lang='lat' dir='ltr'>damnatos</span> <span class='ocrx_word' id='word_1_161' title='bbox 909 3097 1011 3167; x_wconf 86' lang='lat' dir='ltr'>facile</span> <span class='ocrx_word' id='word_1_162' title='bbox 1037 3097 1222 3168; x_wconf 81' lang='lat' dir='ltr'>absolvant</span> 
     </span>
     <span class='ocr_line' id='line_1_25' title="bbox 172 3209 1220 3302; baseline 0.001 -22"><span class='ocrx_word' id='word_1_163' title='bbox 172 3218 210 3280; x_wconf 85' lang='lat' dir='ltr'>et</span> <span class='ocrx_word' id='word_1_164' title='bbox 237 3212 273 3279; x_wconf 92' lang='lat' dir='ltr'>in</span> <span class='ocrx_word' id='word_1_165' title='bbox 300 3212 479 3301; x_wconf 90' lang='lat' dir='ltr'>integrum</span> <span class='ocrx_word' id='word_1_166' title='bbox 507 3209 697 3278; x_wconf 90' lang='lat' dir='ltr'>restituant</span> <span class='ocrx_word' id='word_1_167' title='bbox 727 3233 773 3280; x_wconf 88' lang='lat' dir='ltr'>ne</span> <span class='ocrx_word' id='word_1_168' title='bbox 800 3210 860 3279; x_wconf 92' lang='lat' dir='ltr'>Dii</span> <span class='ocrx_word' id='word_1_169' title='bbox 885 3212 1027 3302; x_wconf 88' lang='lat' dir='ltr'>quidem</span> <span class='ocrx_word' id='word_1_170' title='bbox 1058 3214 1220 3302; x_wconf 87' lang='lat' dir='ltr'>majores,</span> 
     </span>
     <span class='ocr_line' id='line_1_26' title="bbox 172 3325 1221 3417; baseline 0 -24"><span class='ocrx_word' id='word_1_171' title='bbox 172 3332 301 3416; x_wconf 89' lang='lat' dir='ltr'>negato</span> <span class='ocrx_word' id='word_1_172' title='bbox 328 3346 469 3415; x_wconf 90' lang='lat' dir='ltr'>prorsus</span> <span class='ocrx_word' id='word_1_173' title='bbox 499 3345 651 3406; x_wconf 87' lang='lat' dir='ltr'>assensu,</span> <span class='ocrx_word' id='word_1_174' title='bbox 679 3326 851 3414; x_wconf 87' lang='lat' dir='ltr'>veniaque</span> <span class='ocrx_word' id='word_1_175' title='bbox 880 3327 1044 3417; x_wconf 88' lang='lat' dir='ltr'>ipsarum.</span> <span class='ocrx_word' id='word_1_176' title='bbox 1102 3325 1221 3394; x_wconf 90' lang='lat' dir='ltr'>Nimi-</span> 
     </span>
     <span class='ocr_line' id='line_1_27' title="bbox 172 3438 1221 3519; baseline 0.002 -12"><span class='ocrx_word' id='word_1_177' title='bbox 172 3463 251 3507; x_wconf 87' lang='lat' dir='ltr'>rum</span> <span class='ocrx_word' id='word_1_178' title='bbox 280 3462 323 3507; x_wconf 84' lang='lat' dir='ltr'>ea</span> <span class='ocrx_word' id='word_1_179' title='bbox 348 3446 402 3506; x_wconf 90' lang='lat' dir='ltr'>est</span> <span class='ocrx_word' id='word_1_180' title='bbox 429 3438 581 3506; x_wconf 87' lang='lat' dir='ltr'>dirarum</span> <span class='ocrx_word' id='word_1_181' title='bbox 608 3438 764 3508; x_wconf 88' lang='lat' dir='ltr'>Dearum</span> <span class='ocrx_word' id='word_1_182' title='bbox 796 3439 941 3519; x_wconf 87' lang='lat' dir='ltr'>indoles,</span> <span class='ocrx_word' id='word_1_183' title='bbox 967 3450 1009 3509; x_wconf 90' lang='lat' dir='ltr'>ut</span> <span class='ocrx_word' id='word_1_184' title='bbox 1036 3440 1139 3509; x_wconf 87' lang='lat' dir='ltr'>facile</span> <span class='ocrx_word' id='word_1_185' title='bbox 1167 3441 1221 3509; x_wconf 91' lang='lat' dir='ltr'>in-</span> 
     </span>
     <span class='ocr_line' id='line_1_28' title="bbox 174 3553 1221 3646; baseline 0.002 -23"><span class='ocrx_word' id='word_1_186' title='bbox 174 3553 313 3646; x_wconf 81' lang='lat' dir='ltr'>telligas</span> <span class='ocrx_word' id='word_1_187' title='bbox 338 3576 460 3646; x_wconf 83' lang='lat' dir='ltr'>gerere</span> <span class='ocrx_word' id='word_1_188' title='bbox 487 3576 545 3622; x_wconf 89' lang='lat' dir='ltr'>eas</span> <span class='ocrx_word' id='word_1_189' title='bbox 562 3553 661 3622; x_wconf 89' lang='lat' dir='ltr'>velut</span> <span class='ocrx_word' id='word_1_190' title='bbox 679 3553 748 3623; x_wconf 88' lang='lat' dir='ltr'>Irae</span> <span class='ocrx_word' id='word_1_191' title='bbox 766 3555 896 3624; x_wconf 89' lang='lat' dir='ltr'>diviuae</span> <span class='ocrx_word' id='word_1_192' title='bbox 921 3578 1116 3646; x_wconf 84' lang='lat' dir='ltr'>personam,</span> <span class='ocrx_word' id='word_1_193' title='bbox 1136 3575 1221 3646; x_wconf 86' lang='lat' dir='ltr'>qua-</span> 
     </span>
     <span class='ocr_line' id='line_1_29' title="bbox 174 3667 1221 3758; baseline 0.003 -20"><span class='ocrx_word' id='word_1_194' title='bbox 174 3670 217 3738; x_wconf 93' lang='lat' dir='ltr'>lis</span> <span class='ocrx_word' id='word_1_195' title='bbox 243 3692 286 3739; x_wconf 89' lang='lat' dir='ltr'>ea</span> <span class='ocrx_word' id='word_1_196' title='bbox 310 3668 400 3738; x_wconf 89' lang='lat' dir='ltr'>solet</span> <span class='ocrx_word' id='word_1_197' title='bbox 426 3690 463 3737; x_wconf 91' lang='lat' dir='ltr'>se</span> <span class='ocrx_word' id='word_1_198' title='bbox 488 3667 643 3758; x_wconf 86' lang='lat' dir='ltr'>praebere</span> <span class='ocrx_word' id='word_1_199' title='bbox 666 3669 857 3750; x_wconf 88' lang='lat' dir='ltr'>visendam,</span> <span class='ocrx_word' id='word_1_200' title='bbox 879 3668 936 3737; x_wconf 83' lang='lat' dir='ltr'>vel</span> <span class='ocrx_word' id='word_1_201' title='bbox 960 3670 1153 3739; x_wconf 85' lang='lat' dir='ltr'>criminosis</span> <span class='ocrx_word' id='word_1_202' title='bbox 1179 3694 1221 3741; x_wconf 89' lang='lat' dir='ltr'>ac</span> 
     </span>
     <span class='ocr_line' id='line_1_30' title="bbox 175 3783 1221 3875; baseline 0.002 -23"><span class='ocrx_word' id='word_1_203' title='bbox 175 3784 268 3854; x_wconf 86' lang='lat' dir='ltr'>male</span> <span class='ocrx_word' id='word_1_204' title='bbox 281 3784 414 3853; x_wconf 88' lang='lat' dir='ltr'>feriatis</span> <span class='ocrx_word' id='word_1_205' title='bbox 431 3783 643 3865; x_wconf 71' lang='lat' dir='ltr'>hominibus</span> <span class='ocrx_word' id='word_1_206' title='bbox 653 3783 762 3852; x_wconf 85' lang='lat' dir='ltr'>semel</span> <span class='ocrx_word' id='word_1_207' title='bbox 776 3784 868 3853; x_wconf 90' lang='lat' dir='ltr'>forte</span> <span class='ocrx_word' id='word_1_208' title='bbox 884 3784 1094 3875; x_wconf 85' lang='lat' dir='ltr'>poenitentia</span> <span class='ocrx_word' id='word_1_209' title='bbox 1106 3787 1221 3868; x_wconf 84' lang='lat' dir='ltr'>tactis,</span> 
     </span>
     <span class='ocr_line' id='line_1_31' title="bbox 176 3897 1222 3990; baseline 0.001 -23"><span class='ocrx_word' id='word_1_210' title='bbox 176 3900 230 3969; x_wconf 85' lang='lat' dir='ltr'>vel</span> <span class='ocrx_word' id='word_1_211' title='bbox 250 3901 292 3969; x_wconf 90' lang='lat' dir='ltr'>iis</span> <span class='ocrx_word' id='word_1_212' title='bbox 310 3900 428 3980; x_wconf 87' lang='lat' dir='ltr'>etiam,</span> <span class='ocrx_word' id='word_1_213' title='bbox 447 3899 506 3987; x_wconf 92' lang='lat' dir='ltr'>qui</span> <span class='ocrx_word' id='word_1_214' title='bbox 529 3897 574 3966; x_wconf 84' lang='lat' dir='ltr'>ad</span> <span class='ocrx_word' id='word_1_215' title='bbox 598 3898 807 3967; x_wconf 83' lang='lat' dir='ltr'>severiorem</span> <span class='ocrx_word' id='word_1_216' title='bbox 831 3921 990 3969; x_wconf 87' lang='lat' dir='ltr'>normam</span> <span class='ocrx_word' id='word_1_217' title='bbox 1013 3922 1134 3990; x_wconf 90' lang='lat' dir='ltr'>poenas</span> <span class='ocrx_word' id='word_1_218' title='bbox 1158 3923 1222 3990; x_wconf 92' lang='lat' dir='ltr'>pro</span> 
     </span>
     <span class='ocr_line' id='line_1_32' title="bbox 175 4012 831 4104; baseline -0.006 -22"><span class='ocrx_word' id='word_1_219' title='bbox 175 4014 311 4082; x_wconf 88' lang='lat' dir='ltr'>meritis</span> <span class='ocrx_word' id='word_1_220' title='bbox 327 4012 509 4081; x_wconf 90' lang='lat' dir='ltr'>hominum</span> <span class='ocrx_word' id='word_1_221' title='bbox 528 4012 681 4104; x_wconf 87' lang='lat' dir='ltr'>irrogare</span> <span class='ocrx_word' id='word_1_222' title='bbox 699 4029 831 4081; x_wconf 86' lang='lat' dir='ltr'>amant.</span> 
     </span>
    </p>

    <p class='ocr_par' dir='ltr' id='par_1_7' title="bbox 227 4126 1223 4218">
     <span class='ocr_line' id='line_1_33' title="bbox 227 4126 1223 4218; baseline -0.001 -23"><span class='ocrx_word' id='word_1_223' title='bbox 227 4126 358 4207; x_wconf 90' lang='lat' dir='ltr'>Primo,</span> <span class='ocrx_word' id='word_1_224' title='bbox 384 4149 455 4194; x_wconf 90' lang='lat' dir='ltr'>non</span> <span class='ocrx_word' id='word_1_225' title='bbox 482 4128 557 4196; x_wconf 86' lang='lat' dir='ltr'>sine</span> <span class='ocrx_word' id='word_1_226' title='bbox 586 4127 685 4218; x_wconf 87' lang='lat' dir='ltr'>gravi</span> <span class='ocrx_word' id='word_1_227' title='bbox 712 4127 863 4218; x_wconf 89' lang='lat' dir='ltr'>quadam</span> <span class='ocrx_word' id='word_1_228' title='bbox 890 4149 994 4196; x_wconf 88' lang='lat' dir='ltr'>causa</span> <span class='ocrx_word' id='word_1_229' title='bbox 1020 4127 1223 4196; x_wconf 88' lang='lat' dir='ltr'>tribuuntur</span> 
     </span>
    </p>
   </div>
   <div class='ocr_carea' id='block_1_5' title="bbox 0 0 1400 4876">
    <p class='ocr_par' dir='ltr' id='par_1_8' title="bbox 0 0 1400 4876">
     <span class='ocr_line' id='line_1_34' title="bbox 0 0 1400 4876; baseline 0 0"><span class='ocrx_word' id='word_1_230' title='bbox 0 0 1400 4876; x_wconf 95' lang='lat' dir='ltr'> </span> 
     </span>
    </p>
   </div>
  </div>
 </body>
</html>
