2768 4876
165 300 231 369 566
267 301 421 391 Sophocles
435 303 471 368 io
485 324 595 390 uapore
609 301 795 389 depingendo
810 303 965 390 egregius:
1003 320 1212 366 rannxxvm.

165 475 257 546 culo.
280 477 283 486 '
310 473 406 547 Nam
431 475 500 546 isto
518 477 592 547 fere
608 500 713 547 cursu
737 477 900 546 feruntur
924 499 980 546 res
1004 475 1213 545 hominum:

165 592 256 661 seria
273 614 355 660 cum
374 593 485 682 nugis,
504 591 652 662 ridicula
673 615 755 661 cum
781 591 939 662 molestis
960 592 1159 661 mirandum
1178 592 1212 659 in

166 707 311 776 modum
331 707 551 776 commisceri
570 707 695 777 solent.
748 707 905 778 Necesse
926 708 993 777 erit
1019 709 1138 800 igitur,
1156 729 1215 777 ex-

167 821 303 914 emplar
320 823 414 903 vnce,
433 823 633 916 Tragoedia,
653 822 857 914 petulantiae
883 823 1029 894 comicae
1055 821 1214 891 nonnihil

167 939 205 1007 in
230 960 268 1007 se
294 937 471 1007 admittat.
524 937 709 1030 Sophoclis
734 947 865 1020 autem,
883 947 925 1008 nt
943 939 1095 1020 videtur,
1119 960 1217 1007 seve·

166 1053 239 1122 rius
261 1062 338 1122 erat
355 1051 530 1144 judicium
549 1063 586 1123 et
601 1054 742 1124 fastidio
762 1055 912 1146 propius,
928 1076 1035 1145 quam
1053 1062 1095 1123 ut
1112 1053 1215 1123 facile

166 1176 347 1259 pateretur
371 1170 513 1239 turbam
544 1169 640 1239 illam
670 1170 885 1240 diversarum
915 1192 1032 1238 rerum
1058 1178 1097 1238 et
1117 1169 1216 1259 quasi

166 1282 367 1354 colluviem.
420 1285 523 1354 Nihil
548 1287 640 1376 apud
668 1283 769 1354 illum
795 1285 918 1355 militis
939 1283 1214 1378 Agamemnonii

168 1399 292 1481 simile,
317 1398 373 1468 vel
399 1400 587 1469 nutriculae
613 1399 707 1469 illius
733 1398 769 1467 in
796 1399 1034 1492 Choiiphoris:
1065 1423 1215 1491 quorum

165 1515 350 1606 utriusque
374 1538 416 1584 ea
439 1522 493 1585 est
519 1517 619 1597 ratio,
638 1524 680 1584 ut
706 1516 742 1583 in
766 1524 902 1605 partem
920 1515 1038 1584 vocari
1059 1516 1215 1611 ¹doceant

166 1651 283 1700 rerum
305 1630 509 1722 lugubrium
530 1632 662 1700 infimae
680 1654 820 1722 quoque
837 1632 940 1700 sortis
966 1631 1140 1713 homines,
1158 1640 1215 1700 tu-

166 1746 325 1815 nicatum
352 1746 543 1837 popellum,
563 1746 689 1816 vilibus
713 1748 804 1816 curis
832 1749 1024 1816 intentum.
1078 1746 1217 1838 Sopho·

165 1860 211 1930 cli
235 1861 324 1930 nihil
347 1884 417 1930 non
439 1869 613 1941 omatum‚
630 1885 747 1954 grave,
765 1861 1052 1953 magniloquum:
1080 1885 1126 1931 ex
1144 1885 1214 1954 quo

165 1976 250 2046 satis
272 1976 493 2069 intelligitur,
511 1976 664 2047 caruisse
681 1978 793 2044 virum
813 1975 874 2044 illo
893 1985 990 2045 certe
1006 1977 1107 2046 fonte
1125 1975 1216 2058 Poe-

164 2115 252 2171 seos,
274 2116 344 2184 quo
370 2092 544 2174 fruuntur,
563 2093 623 2183 qui
650 2091 807 2161 omnium
830 2113 991 2160 curarum
1019 2099 1057 2160 et
1083 2093 1214 2162 conscii

166 2217 204 2277 et
220 2210 408 2300 participes
424 2208 499 2277 fieri
518 2208 644 2278 solent.

216 2322 270 2394 At
287 2326 380 2394 enim
400 2323 521 2415 ecquis
539 2321 715 2414 Sophocle
736 2320 872 2412 felicior
894 2322 930 2391 in
956 2321 999 2391 iis
1020 2322 1217 2416 depingen-

167 2441 221 2510 dis
246 2442 306 2531 qui
333 2448 495 2509 extremo
524 2438 644 2508 dolore
679 2437 912 2528 torquentur?
964 2439 1214 2510 Recordamini

166 2556 273 2624 modo
302 2554 468 2624 Herculis
498 2552 591 2623 illius
621 2553 737 2634 OEtaei,
763 2576 833 2644 quo
867 2560 1037 2643 tanquam
1071 2553 1215 2624 turbine

166 2669 526 2760 splendidissimorum
545 2669 732 2738 verborum
750 2667 905 2736 celebret
923 2667 998 2757 ipse
1015 2669 1129 2738 morbi
1149 2669 1215 2736 im-

166 2794 270 2877 petus
287 2785 323 2853 in
342 2809 379 2855 se
397 2785 627 2854 vehementer
644 2766 847 2876 ingruentes
859 2779 885 2851 b.

341 2931 481 2999 πλευραῖσι
492 2930 543 2999 γὰρ
555 2927 734 2998 προσμσχθέν,
747 2927 775 2980 ἐκ
786 2926 833 2996 μὲν
845 2926 957 2997 ἐσχάτας

341 3017 459 3087 βέβρωκε
474 3017 580 3086 σάρκας,
591 3016 730 3083 πνευμόνος
741 3012 763 3068 τ’
776 3014 897 3083 ἀρτηρίας

341 3103 421 3174 ρσφεῖ
432 3104 561 3170 ξυνοικῶν·
581 3102 609 3155 ἐκ
621 3101 649 3154 δὲ
660 3103 766 3171 χλωρὸν
777 3097 838 3169 αἷμά
850 3122 899 3169 μου

340 3189 457 3242 πέπωκεν
469 3189 525 3257 ἤδη,
539 3189 580 3241 καὶ
592 3187 748 3264 διξφθαρμαι
762 3186 839 3255 δέμας

342 3277 372 3328 τὸ
384 3277 443 3338 πᾶν,
456 3275 585 3346 ἀφράσπῳ
597 3274 659 3341 τῇδε
670 3273 802 3344 χειρωθεὶς
812 3273 887 3340 πέδη.

166 3392 254 3464 Haeo
277 3391 372 3464 omni
400 3395 504 3465 laude
532 3397 683 3488 majora;
710 3404 747 3466 et
771 3395 914 3464 memini
943 3393 1108 3484 equidem
1130 3416 1210 3464 oum

167 3531 257 3580 unus
283 3535 328 3580 ex
356 3535 478 3581 eorum
508 3535 655 3581 numero
681 3513 740 3604 qui
768 3511 960 3580 doctissimi
990 3509 1214 3581 habebantur

166 3626 232 3697 bac
258 3628 436 3708 memoria,
464 3628 598 3697 relecto
621 3651 663 3696 eo
686 3628 850 3708 semime,
869 3626 1114 3695 vehementius
1139 3626 1211 3696 cla·

165 3750 290 3824 maret,
309 3742 410 3835 Euge
434 3744 483 3810 mi
508 3740 704 3834 Sophocle!
730 3764 836 3833 quam
861 3741 952 3811 bene
979 3739 1131 3810 oalluisti
1158 3764 1213 3811 ar-

166 3864 239 3925 tem
267 3857 385 3926 tuam!
438 3856 527 3939 Quis
550 3856 681 3949 negat?
707 3866 743 3925 at
761 3878 883 3925 vereor
906 3864 1027 3925 tamen
1051 3879 1095 3926 an
1120 3857 1213 3948 ejus-

166 3973 262 4040 modi
289 3972 395 4040 fuerit
426 3974 654 4063 praeconium,
681 3973 774 4063 quod
806 3972 912 4062 capiti
943 3972 1122 4062 scriptoris
1151 3972 1212 4040 de-

167 4086 322 4156 traheret
349 4089 465 4178 potius
492 4088 643 4179 primarii
669 4111 844 4169 coronam,
866 4110 970 4179 quam
1001 4089 1209 4182 imponeret.

584 4304 700 4357 blinoln.
718 4317 793 4373 1070.
