2768 4876
168 312 233 373 534
398 309 561 374 Ρὶοιίανιιι
575 333 630 375 σοι·
646 311 915 398 AEpiuoesosmtr
972 326 976 333 '
1020 331 1205 373 rnnnxxvr.

169 506 239 573 quo
266 482 439 552 deducere
465 484 575 575 possit
600 485 676 575 ejus
699 507 839 576 quoque
862 484 1017 555 civitatis
1042 483 1206 576 originem

170 598 214 666 ad
232 598 381 679 Thebas,
399 608 507 690 atque
524 599 612 669 adeo
630 598 674 669 ad
691 622 792 670 suam
810 600 944 669 tribum
955 594 984 667 d.

344 738 374 790 rb
387 735 409 790 δ’
422 736 483 806 ἒρὸν
494 735 612 808 γαρῦοντ’
624 736 676 793 dud
688 737 805 807 Σπάρτας
816 736 942 808 ἐπήρατον
954 735 1038 793 κλέος

344 822 404 877 ὅθεν
415 822 592 894 γεγενναμένοι

344 907 429 962 ἵκοντο
442 906 558 979 θὴρανδε
570 911 657 979 φῶτες
669 908 741 979 Atye
758 931 792 971 αι,

345 994 401 1063 ε’μοὶ
413 992 529 1062 πατέρες,
542 995 573 1048 οὐ
585 994 650 1049 θεῶν
661 994 731 1065 ἄτερ.

170 1106 261 1177 Haee
280 1108 348 1176 dioi
367 1131 411 1176 ex
431 1129 578 1199 persona
598 1109 706 1199 ipsius
724 1107 877 1188 Pindari,
894 1129 965 1174 non
984 1105 1116 1177 ehoriei
1135 1129 1211 1175 oan-

168 1224 264 1307 toris,
299 1222 355 1292 vel
390 1224 470 1292 ideo
501 1223 622 1293 docuit
653 1224 705 1292 vir
735 1223 809 1314 ejus
843 1223 1043 1314 argumenti
1078 1221 1213 1313 peritis·

167 1339 306 1421 simus0,
324 1340 489 1428 quoniam
514 1340 707 1431 pertineret
724 1340 768 1408 ad
787 1339 921 1432 Lyrioae
939 1338 1093 1408 Poeseos
1115 1337 1215 1407 indo-

167 1454 249 1538 lem,
267 1465 308 1523 ut
334 1478 371 1524 se
397 1479 529 1547 suaque
556 1455 724 1548 Scriptor,
749 1454 848 1524 nulla
872 1454 1053 1546 religione,
1074 1454 1112 1522 in
1138 1476 1216 1546 par-

166 1579 242 1639 tem
270 1572 432 1640 carminis
462 1572 676 1641 admitteret.
728 1571 833 1655 Quod
862 1579 984 1640 contra
1013 1568 1056 1638 fit
1086 1569 1218 1661 saepius

167 1688 259 1777 apud
290 1686 479 1778 Tragoedos
509 1695 546 1756 et
578 1686 717 1778 Epicos.
772 1687 825 1756 Eo
856 1686 1000 1758 liberius
1029 1684 1218 1778 indulgere

167 1802 232 1871 sibi
256 1805 372 1895 potuit
390 1805 574 1887 Pindarus,
593 1807 620 1875 si
639 1828 708 1896 qua
726 1805 782 1874 vel
800 1828 864 1897 per
880 1805 1036 1874 locorum
1055 1804 1220 1872 admoni-

167 1928 244 1986 tum
263 1919 319 1989 vel
337 1943 400 2011 per
421 1920 575 1990 historiae
597 1920 720 1990 seriem
741 1922 891 1990 dabatur
915 1942 999 1990 ansa
1023 1920 1220 1989 mentionis

166 2034 362 2125 injiciendae
380 2060 498 2106 earum
524 2060 653 2120 rerum,
670 2037 797 2135 quibus
814 2038 889 2136 ipse
907 2037 967 2105 diu
988 2034 1219 2128 multumque

167 2160 379 2223 assueverat.

218 2265 289 2335 Sed
308 2268 343 2335 in
361 2267 428 2336 hoo
446 2268 608 2338 universo
630 2291 761 2361 genere
781 2269 870 2338 nihil
888 2267 1090 2360 praeciarius
1107 2291 1217 2360 quam

167 2379 308 2475 AEginae
334 2381 455 2451 laudes
473 2384 579 2452 toties
596 2385 767 2476 repetitae,
786 2407 938 2476 eumque
959 2383 1065 2453 laude
1084 2392 1122 2453 et
1140 2383 1220 2477 glo-

167 2498 218 2566 ria
251 2498 451 2568 Thebarum
486 2498 753 2592 diligentissime
788 2501 1003 2592 conjunotae3
1038 2500 1219 2591 siquidem

167 2614 361 2683 audiendus
382 2615 448 2683 erit
466 2615 540 2706 ipse
559 2614 741 2696 Pindarus,
760 2615 979 2685 vehementis
1003 2616 1080 2706 ejus
1106 2616 1219 2685 studii

167 2752 238 2798 non
261 2730 365 2800 aliam
390 2730 537 2800 afferens
559 2753 709 2812 causam,
727 2754 834 2821 quam
858 2731 952 2822 quod
978 2731 1221 2822 perhibebant

166 2844 364 2915 fabularum
407 2847 565 2927 studiosi,
604 2847 764 2914 extitisse
798 2845 928 2915 Thebis
970 2856 1216 2938 pervetustam

166 2961 341 3051 quandam
363 2985 445 3030 oum
466 2962 595 3053 AEgina
615 2957 889 3053 cognationemf.

341 3099 391 3170 χρὴ
405 3098 426 3152 δ’
440 3099 466 3153 ε’ν
478 3099 650 3154 ἑπταπύλοισι
664 3097 762 3167 θὴβαις
772 3096 904 3170 τραφέντα

344 3187 433 3257 Αἰγίνᾳ
445 3187 557 3257 χαρίτων
569 3185 650 3240 ἄωτον
662 3184 806 3255 προνέμειν,

342 3273 439 3342 πατρὸς
451 3270 540 3327 οὕνεκα
552 3273 654 3340 δίδυμαι
665 3271 770 3345 γε’ναντα
783 3269 916 3342 θύγατρες,
929 3270 1085 3328 ’homoidon

342 3361 493 3418 ὁπλόταται,

165 3471 246 3540 Jam
274 3482 404 3542 norunt
426 3496 560 3557 omnes,
578 3474 777 3563 quicunque
796 3471 982 3542 Pindarioa
1006 3473 1063 3542 vel
1090 3476 1212 3566 primis

165 3588 271 3656 modo
289 3588 394 3657 labris
420 3590 624 3680 attigerunt,
644 3588 756 3658 solere
777 3611 859 3657 eum
884 3588 963 3680 plus
987 3589 1092 3659 solito
1116 3615 1213 3661 eom·

165 3705 309 3785 moveri,
340 3727 421 3773 oum
452 3728 580 3796 magna
613 3705 869 3797 significatione
899 3705 948 3796 pii
978 3728 1019 3773 ao
1052 3707 1213 3797 germani

166 3821 304 3902 amoris,
326 3821 464 3911 quoties
490 3820 534 3887 de
558 3817 690 3912 AEgina
716 3821 916 3890 dicendum.
969 3819 1112 3913 Nempe
1139 3847 1214 3893 aro·

166 3936 301 4003 tissima
330 3958 400 4003 non
432 3936 538 4003 modo
568 3937 739 4005 societate
765 3960 888 4005 verum
919 3937 1027 4006 etiam
1056 3937 1211 4028 hospitio

159 4050 404 4143 jungebantur
428 4052 521 4120 inter
550 4073 587 4120 se
611 4053 688 4119 duae
714 4053 886 4122 civitates.
937 4051 1056 4135 Quare
1081 4052 1213 4123 Pinda-

166 4187 234 4245 rus,
262 4173 304 4233 ut
333 4172 409 4234 erat
441 4166 621 4257 hospitum
649 4167 740 4257 juris
769 4167 1105 4250 observantissimus,
1133 4177 1212 4239 tota

202 4351 305 4418 dPym.
319 4366 344 4418 5.
358 4352 401 4421 96.
562 4362 574 4390 e
588 4353 694 4407 Dissen.
708 4354 736 4405 ia
748 4355 796 4407 loo.
962 4355 1076 4409 fartim.
1091 4372 1115 4425 7.
1129 4374 1171 4423 35.
