2768 4876
172 308 237 378 794
315 307 526 372 Proescnts‘um
542 307 713 370 Numicum
727 304 974 391 asportaberis.
1000 326 1096 368 rann.
1106 323 1218 368 xxxrx·

172 490 211 551 et
236 483 441 573 composita,
468 481 658 550 tenerrimo
683 497 762 548 tum
787 487 888 549 motu
914 486 991 548 tum
1018 501 1129 548 voce:
1156 480 1216 548 sed

170 599 337 688 utrinque
358 597 479 666 adesse
502 595 675 688 significat
697 594 769 663 vim
792 594 975 686 plusquam
999 593 1214 663 mortalium.

172 710 337 803 Utrique,
368 712 397 781 si
424 711 715 793 animadvertitis,
742 719 842 780 erant
867 710 1022 802 gemini;
1050 733 1122 800 qua
1146 732 1216 778 una

169 829 326 898 maxime
351 850 389 897 re
415 833 705 897 converterentur
729 834 867 896 mentes
892 826 1089 907 hominum,
1107 834 1145 895 et
1170 827 1214 896 ad

169 944 454 1034 expectationem
481 943 707 1036 erigerentur,
730 964 775 1011 ne
801 942 893 1011 forte
918 943 1112 1023 crederent,
1131 964 1213 1011 casu

169 1078 245 1124 rern
279 1062 417 1125 tantam
452 1055 602 1126 evenire.
672 1054 745 1125 Sed
779 1057 824 1126 de
859 1055 1062 1125 Laocoonte
1100 1055 1214 1124 multa

168 1170 285 1255 multi,
307 1170 434 1261 quibus
459 1171 660 1262 repetendis
685 1171 790 1241 hodie
816 1170 1036 1262 supersedeo.
1089 1168 1213 1239 Unum

169 1285 256 1356 illud
283 1307 427 1356 monere
453 1285 578 1355 liceat:
607 1294 648 1356 ut
674 1288 907 1357 concedamus
932 1285 1110 1376 scripsisse
1132 1285 1213 1356 Vir·

168 1401 293 1495 gilium
327 1401 372 1471 ab
406 1402 548 1495 egregia
581 1410 699 1472 statua
732 1403 908 1483 edoctum,
936 1400 1058 1470 multis
1093 1409 1213 1470 tamen

168 1516 309 1608 punctis
342 1518 498 1608 superari
526 1540 548 1587 a
576 1516 689 1587 Poeta
723 1516 959 1608 sculptorem3
999 1537 1061 1585 seu
1098 1518 1214 1586 verius

169 1631 315 1700 fortasse
339 1631 466 1714 dicam,
483 1632 529 1701 ab
550 1639 627 1702 arte
649 1639 785 1701 artem:
811 1652 893 1701 cum
911 1629 986 1698 haec
1003 1631 1213 1700 acerrimum

167 1747 274 1816 modo
286 1745 414 1816 doloris
428 1768 568 1816 sensum
582 1745 739 1838 potuerit
751 1745 958 1837 exprimere,
969 1743 1031 1814 illa
1042 1746 1214 1817 universa

168 1859 218 1928 rei
245 1859 415 1930 infuderit
440 1859 629 1930 obscurum
654 1862 831 1951 quendam
857 1859 1048 1942 horrorem,
1074 1859 1213 1953 Deique

168 1976 286 2045 nescio
304 1976 413 2066 cujus,
424 1976 511 2046 irati
531 1985 628 2046 certe
645 1984 683 2046 et
699 1975 889 2068 praesentis,
906 1975 1105 2068 augurium.

218 2089 395 2173 Quoniam
421 2099 542 2161 autem
568 2092 755 2161 incidimus
781 2091 818 2159 in
842 2091 1033 2160 draconum
1062 2092 1213 2161 mentio-

168 2228 260 2288 nem,
272 2206 395 2300 religio
409 2207 501 2276 foret
518 2207 748 2298 praetereuuti
761 2206 912 2277 alterum
930 2206 1031 2274 illum
1048 2230 1211 2300 anguem,

168 2322 312 2392 innoxio
338 2321 548 2414 placidoque
574 2323 683 2414 lapsu,
700 2321 871 2393 libantem
895 2321 1002 2413 dapes
1027 2323 1072 2391 ad
1094 2332 1213 2393 tumu-

168 2436 242 2506 lum
256 2436 436 2520 Anchisae‚
449 2438 577 2508 deinde
593 2438 659 2530 ipsi
677 2437 816 2507 tumulo
834 2437 1093 2508 succedentem.
1132 2438 1212 2522 Quo

168 2564 367 2645 conspecto,
385 2553 535 2623 AEneas²

378 2697 465 2766 magis
476 2697 596 2766 inceptos
608 2697 721 2766 genitori
733 2697 863 2750 instaurat
874 2697 999 2759 honores,

308 2783 440 2846 Incertus,
454 2782 604 2837 Geniumne
616 2783 676 2845 loci,
690 2783 864 2838 Famulumve
875 2782 992 2852 parentis

309 2869 376 2922 Esse
388 2877 473 2938 putet.

218 3005 347 3095 Ecquis
365 3027 435 3073 non
452 3004 511 3074 hic
530 3004 716 3074 Platonem
736 3007 891 3077 sentiat?
918 3030 1000 3077 cum
1016 3030 1089 3076 non
1106 3011 1213 3078 modo

167 3122 235 3191 loci
247 3123 308 3191 sed
318 3120 617 3214 hominisquoque
627 3123 787 3192 nominet
795 3121 906 3192 Poeta
913 3123 1068 3193 Genium
1082 3147 1146 3194 seu
1160 3135 1214 3193 tu-

166 3246 291 3319 torem,
301 3237 524 3329 eundemque
537 3245 617 3328 post
629 3247 780 3306 mortem
795 3240 924 3309 sanctis
937 3240 1110 3330 bonisque
1124 3242 1213 3321 viris,

166 3352 277 3444 qualis
304 3360 378 3421 erat
397 3349 583 3434 Anchises,
610 3352 783 3444 significat
809 3353 884 3422 fore
911 3353 1125 3436 Famulum3
1152 3378 1212 3424 seu

165 3468 373 3536 Daemcnem
392 3468 509 3557 potius
527 3490 608 3535 cum
627 3465 774 3536 Socrate
792 3467 968 3558 appellare
986 3467 1083 3538 velis.

217 3583 321 3665 Quid,
342 3584 433 3673 quod
463 3582 640 3650 Naturam
665 3583 777 3672 ipsam
803 3583 888 3652 facit
913 3582 1103 3673 aliquando
1130 3608 1211 3653 cum

164 3698 365 3768 hominibus
400 3697 553 3767 sentire?
592 3697 687 3787 quod
717 3698 811 3787 apud
842 3719 924 3765 eum
958 3707 1108 3767 externa
1138 3700 1211 3768 haec

165 3836 281 3883 rerum
300 3813 406 3882 facies
424 3811 569 3880 mirifice
594 3811 683 3880 solet
708 3813 920 3902 respondere
937 3814 1211 3904 cogitationibus

164 3927 321 3998 intimis?
349 3927 443 4009 Quid
474 3926 590 4008 velim,
623 3927 773 3995 doceant
799 3927 1052 4019 elegantissimi
1081 3952 1211 4010 versus,

164 4044 291 4134 quibus
308 4044 351 4111 ad
367 4041 508 4111 Italiam
523 4042 636 4132 primo
651 4043 838 4110 deducitur
851 4040 996 4111 AEneas.
1028 4043 1085 4112 Sit
1101 4047 1212 4124 venia,

587 4300 602 4328 ¹
620 4292 687 4344 AEn.
704 4306 729 4360 5·
743 4310 786 4360 94·
