2768 4876
170 307 236 373 664
287 310 382 374 Ratio
396 330 506 385 mnan,
523 309 576 393 qui
589 330 637 372 roa
650 307 709 372 att
722 329 877 392 samsom
891 309 972 371 odos
996 329 1093 369 anau.
1104 327 1211 368 xxxuu

170 484 307 553 diamur
322 485 366 553 ad
386 481 455 552 alia
471 482 646 574 quaedam,
663 504 780 573 neque
796 482 901 572 hujus
916 481 1075 550 materiae
1090 479 1213 560 aliena,

169 622 293 690 neque,
311 600 364 667 uti
383 619 496 689 spero,
513 619 576 688 per
592 620 630 666 se
646 619 786 688 prorsus
803 596 1003 688 injucunda.

218 712 275 781 Ao
292 713 445 802 primum
464 710 550 781 illud
569 711 890 781 animadvertamus
906 709 1002 790 licet,
1019 708 1096 778 fieri
1114 717 1216 800 potu-

168 829 236 898 isse
253 836 294 897 ut
311 849 440 920 magna
456 849 502 896 ex
519 839 619 919 parte
637 836 771 897 careret
790 825 977 896 Lucretius
993 848 1065 894 non
1082 824 1221 893 invitus

168 945 264 1012 vario
290 941 350 1010 illo
376 965 416 1011 ac
440 941 628 1033 multiplici
652 941 850 1011 recentium
869 939 1060 1009 Poetarum
1085 940 1216 1008 instru-

167 1066 311 1126 mento:
345 1079 494 1148 quorum
521 1056 686 1127 videlicet
716 1058 745 1126 is
775 1055 983 1146 plerumque
1013 1063 1069 1124 est
1102 1062 1214 1133 tenor,

167 1173 261 1241 utin
281 1170 422 1241 Natura
444 1170 619 1240 laudanda
641 1170 730 1240 nihil
753 1171 865 1240 ferme
886 1193 923 1240 se
942 1178 1072 1261 putent
1090 1170 1214 1261 egisse,

167 1290 202 1356 ni
221 1287 418 1356 inauditum
445 1289 624 1378 proferant
652 1287 795 1378 aliquid,
813 1288 955 1377 suisque
979 1285 1126 1354 taudem
1152 1283 1216 1352 ali-

167 1402 306 1492 quando
332 1410 552 1493 compertum
579 1401 710 1484 oculis;
741 1410 803 1471 aut
824 1410 920 1470 certe
946 1397 1084 1493 singula
1108 1397 1215 1489 louge

167 1517 342 1610 longeque
367 1517 460 1586 ultra
485 1541 710 1588 communem
738 1519 883 1586 modum
905 1515 1063 1586 efferant.
1117 1512 1215 1590 Hinc

166 1632 327 1703 illatam
357 1632 476 1724 procul
507 1632 682 1714 arcessita,
710 1656 804 1702 nuuc
831 1633 877 1702 ab
906 1631 1015 1713 Indis,
1043 1653 1140 1701 nuuc
1169 1628 1215 1698 ab

167 1758 328 1819 extremo
346 1748 561 1820 Occidente:
587 1749 685 1819 velut
702 1750 764 1818 ubi
781 1748 838 1817 vel
856 1748 960 1818 Ficus
978 1747 1103 1817 Indica
1112 1757 1139 1828 ⁸,
1157 1746 1214 1816 vel

166 1862 389 1934 Americanae
414 1865 660 1935 describuntur
684 1887 777 1947 aves,
795 1864 852 1933 vel
872 1864 986 1955 siquid
1003 1862 1100 1932 aliud
1127 1885 1216 1954 prae-

167 1979 269 2070 oipue
289 1981 589 2050 commendaverit
605 1982 719 2050 doctis
735 1980 937 2049 homiuibus
959 1978 1156 2057 multorum
1173 1976 1216 2045 li·

165 2095 308 2164 brorum
326 2095 443 2167 lectio,

217 2209 302 2280 Non
316 2235 387 2303 quo
404 2214 617 2305 negaverim,
630 2213 902 2281 amoenissimam
916 2210 1108 2303 aliquando
1123 2209 1214 2280 Poe-

165 2327 219 2398 sin
237 2328 273 2396 iu
290 2328 332 2396 iis
349 2326 539 2418 plurimum
559 2327 688 2397 versari
713 2328 829 2410 rebus,
846 2349 927 2418 quae
944 2327 980 2395 in
998 2349 1136 2404 eorum,
1151 2326 1213 2418 qui

166 2443 377 2534 scripserint,
388 2451 569 2534 aspectum
586 2441 685 2511 nullo
697 2465 854 2533 uuquam
867 2449 1028 2533 tempore
1039 2441 1212 2511 venerint.

167 2558 297 2649 Ecquis
327 2558 416 2627 ferat
447 2558 659 2626 seutentiam
689 2559 777 2627 adeo
804 2556 986 2650 ineptam?
1020 2557 1212 2649 praesertim

165 2674 258 2764 apud
280 2697 352 2754 nos,
372 2676 431 2763 qui
458 2676 493 2742 in
516 2674 611 2742 omni
638 2673 703 2743 hac
728 2675 876 2745 materie
902 2673 1076 2744 soleamus
1097 2673 1213 2744 Phan-

166 2789 260 2858 tasiae
286 2798 403 2880 partes
421 2789 478 2858 vel
495 2789 624 2879 primas
641 2788 698 2858 vel
715 2798 812 2860 certe
832 2792 1027 2882 praecipuas
1044 2791 1211 2859 tribuere.

166 2903 238 2973 Sed
268 2904 335 2974 hoc
363 2906 474 2974 ferme
504 2904 688 2997 intellig03
719 2907 748 2974 si
776 2907 835 2997 qui
863 2908 1050 2997 scriptores
1076 2906 1114 2975 iu
1145 2906 1212 2976 hoo

164 3042 294 3111 genere
328 3022 523 3090 carminum
558 3023 698 3113 egregie
733 3046 803 3113 prae
836 3023 971 3091 caeteris
1004 3022 1213 3113 placuerint,

165 3133 301 3202 duabus
327 3137 482 3203 maxime
509 3136 553 3204 de
577 3138 691 3205 causis
720 3135 913 3228 placuisse3
942 3135 999 3204 vel
1021 3137 1105 3227 quia
1134 3159 1214 3227 pro-

164 3249 240 3340 pria
256 3247 318 3318 illa
334 3272 473 3340 semper
489 3251 526 3318 in
544 3273 581 3319 se
599 3251 752 3321 habeant
769 3252 921 3343 aliquod,
940 3252 1034 3342 quod
1052 3252 1211 3320 omnium

165 3386 352 3433 commune
370 3386 446 3434 esse
464 3366 625 3435 videatur
650 3376 687 3435 et
712 3369 874 3459 gentium
894 3377 932 3436 et
949 3367 1131 3448 locorum3
1155 3367 1213 3438 vel

165 3479 247 3569 quia
268 3479 346 3571 lege
364 3480 515 3570 quadam
534 3481 653 3572 (quam
673 3487 814 3573 vocant)
832 3482 1011 3573 ἀναλογίας
1037 3491 1132 3553 uotae
1157 3506 1213 3554 res

165 3603 202 3663 et
219 3595 348 3686 ignotae
366 3604 491 3665 mutuo
509 3598 602 3666 iuter
619 3620 657 3666 se
674 3599 918 3688 respondeant.

215 3707 338 3801 Atque
360 3720 399 3780 ut
421 3713 540 3801 paucis
563 3714 676 3802 primo
694 3712 921 3804 explicemus,
940 3714 1024 3804 quid
1042 3716 1108 3784 sibi
1128 3713 1214 3783 velit

165 3825 239 3895 haec
273 3848 379 3916 quam
415 3827 565 3896 dicimus
599 3827 772 3918 ἀναλογία,
809 3830 968 3898 videmus
1002 3831 1128 3920 utique
1162 3831 1212 3898 ita

166 3942 288 4009 variari
313 3949 390 4010 tum
417 3941 628 4011 naturalium
655 3965 772 4011 rerum
796 3943 963 4025 indolem,
984 3954 1062 4013 tum
1084 3967 1209 4024 mores,

165 4055 315 4146 ingenia,
340 4055 526 4148 religiones
549 4058 743 4140 hominum,
770 4082 832 4150 pro
859 4059 983 4128 habitu
1009 4061 1126 4152 gentis
1151 4083 1211 4129 ou·

473 4301 488 4329 ⁸
499 4292 561 4346 Vid.
578 4293 658 4347 Curso
670 4296 703 4363 of
710 4295 835 4358 Kelama,
848 4297 903 4350 xiii.
