2834 4882
182 288 246 356 396
292 389 295 393 ἡ
389 291 438 353 Dc
451 289 594 374 AEsclyb‘
607 292 642 355 111
655 290 834 376 catabra
847 292 989 357 0011011101
1055 312 1148 354 naar„
1159 309 1229 350 xxr.

184 459 282 541 Quos
300 481 419 529 versus
441 461 520 529 ideo
538 460 704 531 libentius
722 462 792 530 buc
809 463 953 544 adduxi,
970 461 1064 552 quod
1081 462 1126 530 ad
1143 482 1225 529 eam

182 583 316 664 partem
339 575 517 665 pertinent
535 598 709 644 sacrarum
731 576 921 659 literarum,
939 600 1016 667 quae
1032 598 1103 667 prae
1119 583 1225 671 caete-

182 689 229 756 ris
253 688 341 757 mihi
365 689 507 778 quidem
532 690 672 759 videtur
696 691 807 759 imbui
833 690 949 760 colore
971 691 1123 781 quodam
1140 687 1225 758 AEs-

182 802 328 894 chyleo:
355 803 409 872 vel
428 811 572 895 propter
584 803 835 899 ἁρχαιότροπον
852 804 948 873 1110111
967 806 1223 874 sententiarum

181 919 403 1011 gravitatem,
421 918 477 987 vel
495 921 588 1010 quod
611 919 715 988 aliam
741 941 844 1011 super
865 918 934 989 alia
957 919 1047 989 solet
1063 920 1224 1012 ingerere

183 1033 320 1101 divinus
333 1033 491 1124 scriptor,
498 1034 668 1124 junctura
684 1034 842 1125 simplice
854 1035 966 1126 magis
977 1057 1081 1125 quam
1095 1032 1224 1103 callida

183 1154 220 1215 et
237 1147 433 1216 artificiosa.

233 1260 382 1342 Verum,
399 1268 440 1329 ut
463 1261 508 1329 ad
529 1257 689 1353 AEsohyli
717 1261 856 1332 chorico
875 1270 1110 1332 revertamur:
1137 1261 1222 1348 quid

182 1376 211 1444 si
237 1375 350 1445 Vates
376 1397 419 1444 eo
445 1375 589 1444 consilio
617 1375 750 1468 flagitia
774 1376 957 1446 hominum
983 1376 1072 1446 adeo
1097 1376 1224 1445 acerbe

182 1490 388 1570 detestatur,
422 1498 464 1558 ut
502 1491 540 1556 111
573 1490 732 1559 Deorum
770 1492 976 1574 bonitatem,
1014 1493 1224 1560 immensam

181 1602 278 1671 illam
296 1614 333 1672 et
350 1603 570 1684 indefessam,
589 1604 762 1673 efficacius
788 1612 825 1673 et
851 1604 977 1673 melius
993 1605 1128 1674 animos
1145 1625 1224 1694 pos-

181 1716 227 1785 sit
248 1718 475 1788 convertere?
514 1716 610 1799 Quid
631 1717 659 1787 si
681 1717 827 1799 Chorus,
845 1740 1030 1809 personam
1056 1717 1223 1808 quodam·

180 1832 286 1900 modo
303 1855 427 1924 gerens
440 1833 593 1901 universi
605 1832 709 1923 hujus
724 1832 862 1923 generis
875 1833 1081 1900 miserorum
1093 1839 1225 1900 morta-

181 1940 281 2027 lium,
299 1945 411 2014 voluit
432 1967 549 2013 coram
566 1945 645 2013 Diis
663 1946 823 2013 confiteri
840 1947 1041 2016 communia
1065 1946 1224 2014 omnium

181 2066 337 2150 peccata,
367 2058 547 2138 dedecora,
572 2079 728 2128 errores:
767 2082 843 2150 quae
873 2060 1053 2140 confessio,
1083 2058 1225 2145 Natura

182 2175 258 2264 ipsa
288 2173 448 2253 docente,
474 2173 542 2241 fuit
569 2174 664 2241 omui
690 2181 849 2265 tempore
874 2198 945 2243 non
975 2175 1120 2243 minima
1144 2197 1224 2266 pars

182 2288 390 2380 religionum
417 2296 454 2357 et
478 2288 619 2357 honoris
639 2289 822 2360 Deorum?
862 2289 934 2360 Sed
957 2290 1002 2358 de
1026 2289 1093 2358 hae
1113 2290 1225 2358 canti·

182 2401 263 2472 lena
279 2404 373 2472 satis.

233 2516 379 2595 Iterum,
399 2515 525 2586 Oreste
545 2517 622 2607 jam
648 2517 793 2610 domum
818 2515 986 2609 ingresse,
1008 2538 1225 2607 prosequun-

182 2638 241 2699 tur
262 2653 344 2698 eum
371 2630 583 2698 carminibus
613 2631 697 2699 boni
727 2631 871 2700 ominis:
907 2652 1056 2721 quorum
1083 2631 1120 2699 id
1145 2653 1225 2721 pro-

181 2745 297 2834 prium
323 2753 438 2814 estet
463 2746 688 2836 praecipuum,
705 2747 799 2835 quod
819 2745 972 2836 primum
996 2745 1094 2834 justa
1119 2766 1224 2834 prece

182 2857 206 2926 J
208 2859 293 2940 ovis,
306 2857 487 2940 Mercurii,
501 2859 644 2929 Larium
660 2882 763 2951 opem
776 2861 961 2929 invocant:
986 2860 1113 2928 deinde
1126 2860 1225 2949 quasi

182 2980 384 3042 consecrato
412 2973 565 3063 incepto,
587 2973 704 3064 palam
734 2983 771 3043 01
803 2982 924 3064 aperte
953 2973 1152 3043 accendunt
1179 2973 1224 3041 ad

180 3087 303 3158 matris
328 3088 470 3167 caedem,
497 3088 727 3179 stimulosque
751 3089 898 3171 addunt,
924 3111 969 3158 ne
994 3110 1119 3159 manus
1143 3086 1225 3155 hor-

181 3223 259 3271 rore
275 3201 442 3294 langueat
452 3197 482 3271 ¹:

393 3335 428 3390 σὺ
440 3336 468 3390 δὲ
480 3336 593 3406 θαρσῶν,
606 3336 667 3392 ὅταν
678 3338 725 3406 ἥκῃ
737 3337 815 3408 μέρος
826 3338 916 3408 ἔργων,

391 3419 507 3500 έπαΰσος
517 3424 615 3493 πατρὸς
626 3423 714 3486 αὐδὰν,

391 3505 507 3578 θροούσᾳ
518 3529 559 3571 σε,
573 3507 673 3571 Τέκνον,

391 3591 487 3662 πέραιν’
500 3593 546 3646 οὐκ
558 3593 705 3663 ἐπίμομφον
717 3591 787 3646 ὅταν.

183 3715 276 3784 Sane
293 3712 431 3783 artificii
460 3713 606 3781 minime
631 3712 816 3782 mediocris
837 3720 922 3794 erat,
940 3721 981 3782 ut
999 3737 1076 3805 quae
1092 3713 1223 3805 alioqui

181 3829 343 3899 facinoris
368 3829 497 3898 atrocis
522 3828 739 3897 atrocissima
761 3850 839 3918 pars
856 3828 966 3897 videri
993 3829 1126 3911 debuit,
1144 3851 1223 3897 eam

180 3946 384 4037 praeciperet
397 3945 585 4034 animoque
598 3951 689 4041 ante
698 3950 881 4035 perageret
892 3943 1037 4026 Choma,
1052 3946 1223 4034 interpres

181 4059 307 4127 divinae
334 4057 535 4139 voluntatis,
561 4056 686 4125 mediis
715 4059 822 4127 etiam
851 4058 1012 4149 precibus
1040 4066 1077 4126 et
1107 4055 1223 4148 religi-

182 4174 316 4242 onibus.

596 4282 604 4320 ¹
619 4283 729 4352 Clo'eplr.
744 4285 804 4352 825.
