2768 4876
161 302 226 365 550
393 303 442 364 Da
455 301 622 365 reuerentia
638 300 814 365 ἂνααονιυιι
828 308 953 363 camna:
999 321 1209 364 ranuxrrru.

214 469 318 552 Quod
346 471 374 539 si
404 472 461 539 cui
487 492 656 563 magnum
687 477 725 539 et
753 471 813 538 vix
841 469 1009 540 credibile
1039 469 1209 550 videatur,

164 585 272 655 fuisse
292 594 428 654 tantam
452 607 495 654 eo
519 593 679 675 tempore
702 584 888 654 Musarum
909 585 1155 664 reverentiam,
1172 591 1212 654 ut

163 697 324 775 homines
350 707 457 767 aetate
484 699 634 789 procaci,
662 701 759 791 regia
787 706 976 790 potestate,
1003 698 1110 769 facile
1136 721 1212 790 per-

165 811 298 880 ferrent
322 812 489 903 simplicis
511 811 633 882 Poetae
655 814 729 882 sive
746 814 982 903 querimonias
1007 834 1072 882 seu
1088 835 1212 883 vocem

166 927 264 1016 quasi
290 927 506 1010 censoriam3
535 928 793 1003 animadvertat
818 928 848 997 is
869 927 986 1008 velim,
1004 926 1132 1018 primo,
1148 926 1213 995 im·

165 1039 270 1111 butor
288 1063 364 1110 esse
389 1041 511 1110 multis
530 1043 606 1132 Jam
631 1042 732 1111 annis
750 1064 792 1110 ca
811 1041 1009 1112 reverentia
1025 1039 1211 1110 Graiorum

166 1157 311 1225 animos.
364 1155 452 1238 Quis
469 1157 582 1226 nescit
602 1155 834 1226 Homericum
851 1157 953 1226 illum
970 1152 1091 1238 ἀοιδὸν,
1106 1177 1211 1248 quem

166 1272 262 1340 domi
280 1272 374 1361 apud
391 1294 539 1340 uxorem
557 1293 655 1341 suam
675 1271 855 1362 reliquisse
873 1270 1003 1341 dieitur
1019 1267 1212 1364 Agamem·

165 1405 237 1456 non
251 1406 333 1454 oum
350 1383 490 1475 Trojam
508 1383 576 1454 iret
587 1385 626 1455 ¹?

340 1535 355 1606 ἦ
368 1537 390 1590 δ’
403 1539 458 1605 ἤτοι
470 1538 500 1590 τὸ
512 1537 574 1607 πρὶν
584 1537 632 1606 μέν
643 1537 757 1592 ἀναίνετο
768 1540 846 1610 ἐργον
857 1538 938 1594 ἅεικέο

341 1623 383 1677 δῖα
395 1620 620 1694 Κλυταιμνήστρη·
639 1624 721 1693 φρεσὶ
732 1625 783 1696 γὰρ
796 1623 897 1695 κέχρητ’
909 1623 1047 1695 ἀγαθῇσιν·

341 1710 395 1778 πὰρ
407 1708 430 1763 δ’
442 1707 482 1778 ἄρ’
496 1709 539 1777 ἐὴν
550 1711 591 1763 καὶ
603 1709 690 1765 ἀοιδὸς
700 1709 773 1779 ἀνὴρ,
786 1707 808 1782 ᾤ
818 1709 897 1765 πολλ’
910 1710 1049 1765 ἐπέτελλεν

339 1794 481 1864 Ἀτρείδης,
493 1795 615 1864 Τροιήνδε
626 1795 694 1859 κίων,
708 1794 826 1866 εἴρυσθαι
837 1795 941 1849 ἄκοιτιν.

341 1878 401 1933 ἄλλ’
414 1878 458 1932 ὅτε
469 1879 500 1948 δή
512 1901 556 1949 μιν
568 1883 655 1950 Μοῖρα
666 1881 732 1936 θεῶν
744 1881 856 1949 ἐπέδησε
868 1882 985 1952 δαμῆναι,

340 1965 371 2033 δή
383 1967 441 2020 τότε
454 1967 499 2019 τὸν
509 1966 557 2035 μέν
568 1965 656 2021 ἀοιδὸν
667 1966 736 2038 ἄγων
748 1967 775 2022 ἐς
786 1970 866 2036 νῆσον
878 1965 982 2038 ἐρήμην,

238 2070 240 2074 ’
342 2052 467 2105 κάλλιπεν
479 2052 609 2106 οἰωνοῖσιν
621 2051 692 2122 ἕλωρ
704 2053 744 2106 καὶ
757 2051 840 2123 κύρμα
851 2052 983 2123 γενέσθω·

341 2136 388 2205 τήν
400 2137 423 2191 δ’
435 2136 536 2191 ἐθέλων
548 2136 694 2192 ἐθέλουσαν
705 2137 832 2209 ἀνήγαγεν
843 2136 902 2192 ὅνδε
914 2138 1033 2207 δόμονδε.

167 2268 310 2360 Nempe
343 2291 472 2360 magna
507 2291 587 2360 pars
621 2277 696 2339 erat
730 2268 885 2338 oriminis
918 2267 1084 2360 AEgisthi‚
1119 2269 1211 2360 quod

166 2408 237 2454 non
264 2385 339 2453 sine
364 2383 579 2453 contumelia
604 2391 863 2453 sacrosanctum
889 2381 990 2452 illum
1013 2383 1130 2452 virum
1152 2405 1212 2452 ex-

166 2499 315 2591 pulerat.

213 2611 366 2698 ’ᾼοιδοὺι
383 2621 503 2682 autem
520 2615 565 2683 ad
582 2635 693 2705 usque
711 2612 855 2682 Pindari
873 2620 1019 2683 aetatem
1030 2612 1113 2704 jure
1128 2635 1214 2703 quo-

166 2729 248 2800 dam
279 2751 342 2797 suo
372 2728 603 2819 permansisse
637 2727 813 2796 immunes
843 2725 1053 2814 liberosque,
1083 2726 1140 2795 vel
1170 2749 1213 2796 oo

167 2841 239 2915 veri
274 2841 414 2918 videtur
448 2840 604 2922 similius,
639 2840 734 2931 quod
768 2841 940 2931 ejusmodi
974 2839 1215 2932 fungebantur

166 2963 253 3040 arte,
280 2979 358 3046 quae
391 2979 529 3047 semper
558 2956 595 3024 in
625 2955 759 3024 deliciis
793 2962 869 3024 erat
897 2955 1061 3025 universo
1091 2956 1213 3049 generi

166 3073 386 3164 gymnastico
403 3080 441 3138 et
458 3070 614 3139 militari.
667 3069 795 3151 Quare,
814 3070 949 3159 siquos
975 3069 1067 3139 forte
1090 3078 1214 3161 poetas

167 3187 288 3264 feriret
313 3187 364 3254 ira
390 3184 447 3253 vel
474 3185 640 3276 principis
665 3182 722 3252 vel
748 3185 983 3274 optimatium,
1009 3185 1128 3254 nimiae
1153 3208 1216 3255 au·

167 3301 278 3370 daciae
300 3302 397 3392 ergo,
415 3301 573 3392 praesidio
593 3300 650 3369 his
675 3307 751 3368 erat
777 3299 918 3368 futurus
943 3299 1121 3391 popularis
1138 3301 1215 3392 qui-

168 3414 248 3482 dam
274 3412 391 3481 favor:
423 3422 607 3482 senserunt
636 3413 807 3494 homines,
834 3420 935 3481 tanto
961 3413 1015 3483 sui
1039 3414 1214 3504 preconio

168 3550 206 3598 se
224 3527 369 3595 minime
387 3549 505 3596 carere
522 3549 635 3618 posse.

218 3642 327 3713 Porro
345 3652 474 3733 praeter
490 3641 568 3711 illas
585 3664 672 3732 quas
697 3642 804 3712 modo
828 3641 1016 3712 laudabam
1037 3642 1212 3736 ambages,

168 3780 255 3848 quas
275 3757 483 3849 plerumque
501 3759 537 3826 in
554 3780 592 3826 re
611 3757 798 3850 deligenda
819 3757 886 3828 sibi
903 3757 1111 3848 quaerebant
1134 3781 1214 3850 pru-

168 3872 363 3942 dentissimi
395 3883 502 3954 vates
533 3896 579 3942 ne
608 3872 688 3941 luce
718 3874 827 3943 nimia
855 3873 1059 3945 molestiora
1088 3873 1214 3943 fierent

167 3986 303 4060 monita
326 3986 410 4055 satis
428 4009 491 4077 per
507 4009 544 4055 se
561 3986 732 4070 molesta3
757 3986 847 4056 illud
865 4009 1007 4078 quoque
1031 4009 1103 4057 non
1130 3985 1214 4057 levi-

169 4109 225 4194 ter
258 4101 425 4215 pepercit,
454 4103 585 4191 opinor,
617 4102 741 4192 pudori
776 4102 971 4193 hominum,
997 4103 1093 4207 quod
1128 4097 1213 4178 nihil

596 4308 607 4358 ¹.
623 4300 671 4353 Od.
685 4317 710 4369 3.
725 4300 785 4370 265.
