2768 4876
161 354 312 397 nauum.
372 340 434 396 tum
449 331 537 416 opud
549 329 692 395 Hcdraeos
706 339 770 395 ism
784 328 871 415 opud
887 328 1026 394 Gentiles.
1143 333 1207 398 809

162 505 243 573 dam
265 504 374 572 tacite
397 502 498 571 flexit
517 501 775 593 Prophetarum
800 501 928 572 lectio:
955 497 1123 570 credibile
1138 512 1207 583 est,

162 619 311 688 alteram
336 641 477 710 quoque
505 629 640 710 partem
672 639 805 698 eornm,
831 618 892 708 qui
918 618 1021 708 primi
1048 617 1208 688 Cflnlsro

162 735 306 803 nomina
330 733 513 815 dederunt,
532 734 678 802 minime
703 733 855 803 caruisse
880 733 1019 824 proprio
1043 731 1207 812 subsidio,

163 873 208 919 ne
234 850 351 920 crudis
381 851 521 940 penitus
553 858 591 919 et
618 850 798 940 imparatis
827 849 985 918 acerbior
1009 857 1208 947 occurreret

163 989 266 1057 sapor
282 965 342 1035 ille
360 965 511 1035 caelestis
530 965 707 1035 doctrinae.
752 965 871 1048 Quare
889 966 1068 1058 perplacet
1086 987 1209 1034 eornm

163 1081 264 1161 ratio,
298 1080 425 1170 quibus
470 1079 634 1148 videntur
675 1079 806 1151 Graecae
850 1079 1060 1170 Latinaeque
1096 1078 1208 1147 literae

163 1195 268 1265 simili
288 1195 400 1264 ferme
417 1195 515 1287 fungi
530 1194 656 1273 officio,
668 1195 763 1286 quod
776 1193 912 1264 ad'illas
929 1201 1055 1286 gentes
1067 1193 1208 1272 attinet,

163 1320 271 1402 atque
290 1311 430 1380 oracula
448 1310 716 1402 Prophetarum,
735 1312 828 1401 quod
847 1310 891 1379 ad
910 1309 1091 1379 Hebraeos.
1144 1308 1210 1379 Vi-

164 1428 265 1496 distis
288 1436 419 1508 autem,
438 1428 473 1495 in
492 1450 570 1496 eam
597 1450 660 1496 nos
686 1427 804 1497 nescio
830 1427 1007 1517 quomodo
1028 1425 1209 1494 devenisse

164 1543 389 1622 sententiam,
416 1566 496 1611 cum
523 1542 721 1634 Virgiliana
746 1542 942 1634 praesertim
968 1549 1208 1610 tractaremus.

165 1656 326 1725 Eandem
353 1678 435 1725 vero
462 1656 567 1726 latius
593 1667 725 1749 patere,
743 1667 851 1748 atque
875 1658 912 1726 in
939 1657 1100 1726 universa
1125 1679 1210 1747 qua·

165 1773 265 1842 drare
283 1780 444 1840 veterum
471 1771 652 1842 literarum
671 1782 912 1853 monumenta,
933 1773 1037 1841 docet
1053 1772 1210 1840 maxima

164 1910 244 1978 pars
270 1909 404 1966 eorum,
422 1887 483 1978 qui
509 1888 635 1957 studiis
653 1888 831 1971 doctrinae,
851 1886 1010 1957 Ecclesia
1032 1895 1209 1968 nascente,

164 2004 367 2096 viguerunt.
420 2000 545 2072 Solent
571 2002 738 2073 videlieet
764 2002 861 2072 illam
889 2003 1084 2072 doctrinam
1115 2023 1211 2071 com-

165 2142 296 2211 ponere
324 2141 406 2188 cnm
433 2118 680 2212 AEgyptiorum
710 2119 816 2211 garris,
844 2129 881 2186 et
912 2119 1064 2210 pretiosa
1095 2116 1211 2208 supel-

165 2235 287 2317 lectili,
315 2259 393 2326 quae
422 2238 609 2327 postquam
636 2236 755 2304 divino
775 2237 876 2326 jussu
901 2235 936 2303 in
954 2234 1111 2326 praedam
1136 2257 1211 2304 ces·

165 2359 257 2421 serat
293 2350 463 2433 Hebraeis‚
498 2351 651 2442 paratior
685 2360 760 2420 erat
794 2352 894 2441 inops
937 2349 1131 2419 multitudo
1165 2349 1209 2419 ad

164 2467 311 2536 domum
338 2465 407 2536 Dei
434 2467 540 2559 digne
566 2466 768 2536 ornandam.
822 2465 938 2534 Immo
969 2487 1038 2533 non
1071 2465 1210 2535 dubitat

164 2582 326 2674 egregius
344 2582 487 2672 quidam
505 2582 688 2672 utriusque
706 2580 901 2672 disciplinae
919 2581 1076 2662 antistes,
1092 2579 1212 2650 Philo-

164 2697 323 2788 sophiam
358 2698 488 2788 apertis
521 2696 637 2766 verbis
672 2697 721 2766 sic
755 2718 967 2788 componere
1000 2719 1079 2765 cum
1114 2695 1211 2789 Lege

166 2812 337 2895 Mosaios,
354 2812 453 2904 quasi
479 2811 539 2904 qni
567 2811 754 2904 intelligat,
780 2812 952 2882 ambabus
979 2811 1073 2880 idem
1100 2811 1211 2881 ferme

165 2925 319 2994 officium
336 2949 358 2997 a
375 2926 537 3019 Benigno
557 2925 716 2995 Numine
733 2925 874 2995 tribuis.
928 2933 947 2963 “
966 2923 1068 2994 Sicut
1085 2924 1212 3006 enim,”

164 3039 290 3130 inquit,
308 3050 328 3080 “
346 3064 409 3111 suo
435 3051 595 3133 tempore
623 3048 797 3109 venerunt
818 3061 871 3121 ea,
890 3062 970 3130 qnae
993 3038 1099 3107 hodie
1123 3061 1213 3130 prae-

164 3155 338 3238 dicantur,
351 3156 401 3227 ita
418 3157 565 3250 singulis
582 3178 645 3226 suo
663 3165 823 3246 tempore
835 3153 991 3246 praestita
1003 3164 1085 3224 sunt
1099 3156 1212 3237 dona3

165 3269 338 3352 Barbarie,
373 3294 460 3362 quos
494 3270 683 3362 appellant,
712 3292 794 3340 oum
824 3269 922 3361 Lege
953 3268 1211 3360 Prophetarum

164 3385 304 3467 chorus,
322 3385 457 3456 Graecis
483 3385 719 3477 Philosophia,
738 3407 815 3475 quae
837 3407 938 3454 aures
965 3384 1147 3476 paullatim
1166 3384 1212 3454 ad

166 3499 400 3592 Evangelium
418 3500 631 3570 exerceret.”
683 3499 823 3569 Deinde
841 3511 920 3591 post
938 3495 1089 3591 paullol,
1109 3507 1130 3539 “
1147 3500 1214 3570 Ju-

165 3615 595 3707 daeorum,'’inquit,“Lex
604 3625 688 3697 erat,
697 3614 965 3684 Hellenicorum
974 3615 1210 3707 Philosophia,

165 3752 278 3820 usque
303 3729 348 3798 ad
374 3751 541 3821 magnum
569 3729 677 3798 Illum
703 3730 919 3800 adventurn:
951 3731 1116 3822 deinceps
1141 3753 1212 3801 una

165 3844 325 3914 omnium
343 3845 537 3915 invitatio.''
589 3845 684 3928 Quid
709 3845 847 3915 multat
873 3843 964 3916 solet
980 3846 1074 3914 idem
1091 3847 1127 3914 in
1146 3846 1213 3917 hac

165 3961 314 4030 materie
340 3960 483 4031 liberius
510 3983 688 4052 usurpare,
710 3959 808 4030 nulla
832 3960 1011 4053 religione,
1029 3961 1129 4050 siqua
1152 3984 1215 4031 vo·

166 4072 302 4152 cabula,
321 4097 492 4144 consensu
517 4077 687 4154 omnium,
705 4076 846 4166 proprie
862 4082 1042 4166 ponuntur
1059 4075 1095 4143 in
1113 4097 1217 4147 sanc·

307 4300 322 4336 ⁸
341 4291 369 4344 S.
384 4291 467 4346 Clem.
482 4293 557 4346 Alex.
573 4295 667 4348 Strom.
681 4295 707 4347 6.
721 4313 764 4360 44,
896 4293 911 4331 ¹¹
929 4293 995 4347 ibid.
1012 4308 1070 4363 159,
