2768 4876
164 340 227 405 742
261 338 411 424 Wryt'b‘us
425 339 585 404 διδακτικὸς
600 359 666 400 cnm
681 338 754 402 ullis
768 339 960 422 componitur.
981 360 1210 406 ruauxxxvu.

165 513 251 581 bant
273 511 367 603 apud
390 535 472 580 eum
498 511 610 603 gratia
628 511 779 601 quadam
804 533 887 594 sua;
912 521 1100 604 propterea
1117 515 1212 585 vide-

165 627 258 708 licet,
277 627 370 718 quod
389 629 433 696 ab
452 629 528 696 istis
545 627 681 696 facetiis
705 627 851 695 minime
873 626 1112 698 abhorrebant
1136 633 1211 700 noti

165 744 368 814 colonorum
387 766 510 812 mores.

215 860 355 930 Deinde
368 860 404 929 in
415 861 511 929 omni
524 859 673 929 AEneide
683 860 821 949 quoties
835 858 966 948 aliquid
979 859 1063 928 foris
1074 860 1140 929 sub
1153 861 1210 929 dio

165 978 292 1069 agitur,
306 977 357 1045 ita
373 997 446 1044 rem
463 983 580 1044 uenat
598 974 781 1067 Virgilius,
799 983 924 1066 sponte
942 983 980 1044 et
997 977 1097 1065 quasi
1116 975 1210 1044 aliud

165 1116 281 1183 agens,
300 1100 342 1160 ut
360 1114 482 1161 noscas
499 1091 679 1160 hominem
697 1091 893 1183 agrestibus
911 1092 1002 1162 curis
1019 1092 1210 1162 intentum.

164 1206 310 1291 AEneas‚
333 1207 430 1276 verbi
459 1208 581 1299 gratia,
607 1207 729 1298 procul
757 1207 923 1299 aspicitur
952 1230 973 1276 a
999 1206 1150 1308 Latinis,
1175 1209 1210 1276 in

164 1325 277 1393 aciem
295 1324 401 1393 modo
418 1323 644 1414 progrediens
656 1333 682 1404 ³,

306 1471 401 1530 Qualis
413 1471 460 1525 nbi
472 1471 506 1524 ad
518 1479 601 1524 terras
613 1471 727 1539 abrupto
739 1469 825 1524 sidere
836 1470 944 1524 nimbus

307 1557 332 1611 lt
343 1574 416 1611 mare
428 1575 475 1626 per
486 1557 620 1620 medium3
639 1557 751 1620 miseris,
763 1555 832 1610 haul
851 1555 962 1626 praescia
973 1557 1054 1625 longe

306 1642 473 1697 Horrescunt
485 1643 566 1697 corda
577 1643 715 1714 agricolis3
735 1642 808 1696 dabit
819 1643 862 1696 ille
874 1642 964 1696 ruinas

306 1729 465 1792 Arboribus,
478 1738 645 1801 stragemque
657 1730 736 1792 satis,
755 1738 815 1782 ruet
826 1730 916 1782 omnia
925 1730 978 1782 late
985 1751 994 1792 ;

305 1815 376 1869 Ante
388 1818 487 1880 volant,
500 1816 670 1887 sonitumque
682 1816 772 1869 ferunt
783 1814 817 1869 ad
829 1815 906 1869 litora
917 1816 998 1869 venti.

216 1936 311 2005 Nam
330 1936 504 2030 Georgica
522 1941 665 2030 quidem
683 1940 766 2030 quid
793 1939 924 2008 attinet
944 1939 1085 2009 dicere?
1112 1940 1212 2032 cujus

166 2051 344 2121 Poematis
362 2077 404 2123 ea
421 2077 559 2124 summa
585 2063 621 2123 et
645 2054 719 2124 sola
741 2055 852 2124 ferme
875 2056 964 2124 ratio
986 2062 1051 2136 est,
1070 2064 1112 2124 ut
1129 2057 1212 2125 inti·

165 2191 241 2238 mos
267 2180 422 2260 exponat
442 2171 671 2263 agricolarum
696 2193 827 2254 sensus,
845 2181 1030 2262 servetque
1057 2173 1210 2241 eundem

165 2309 235 2354 non
262 2286 367 2354 modo
391 2286 549 2355 laborum
577 2288 818 2356 seductorum
837 2310 976 2378 quoque
999 2288 1132 2370 orbem,
1151 2288 1210 2379 qni

163 2400 233 2470 illis
255 2401 368 2470 redire
396 2401 486 2470 solet
510 2403 707 2492 quotannis.
760 2402 814 2471 Ea
834 2426 914 2493 quae
940 2404 986 2472 sit
1013 2412 1051 2472 et
1078 2413 1211 2494 quanta

165 2518 275 2586 virtus
300 2518 429 2586 sentiet
448 2519 506 2607 qui
531 2517 616 2585 velit
640 2540 850 2608 componere
876 2517 994 2609 paullo
1019 2520 1210 2589 studiosius

163 2630 237 2700 haec
255 2630 453 2724 Virgiliaua
479 2655 559 2700 cum
585 2656 706 2701 eorum
725 2633 946 2714 carminibus
965 2635 1024 2724 qui
1043 2633 1135 2704 hanc
1153 2634 1209 2704 vel

164 2747 260 2817 illam
292 2758 402 2816 artem
432 2750 549 2816 conati
580 2759 662 2817 sunt
686 2772 786 2818 versu
814 2749 950 2830 docere,
973 2772 1035 2818 seu
1062 2751 1209 2841 pristino

164 2885 225 2931 seu
243 2865 375 2932 recenti
402 2874 572 2954 tempore.
624 2865 755 2932 Aratos
773 2864 861 2945 dico,
882 2863 1058 2946 ManilioS,
1077 2865 1210 2959 Oppia·

164 3002 250 3061 nos3
286 2990 364 3048 tum
395 2980 483 3069 siqui
514 2988 712 3047 nostrorum
743 2979 953 3048 carminibus
984 2982 1209 3051 commenda·

164 3107 256 3174 runt,
274 3096 332 3164 hic
350 3096 482 3172 hortos,
497 3095 556 3163 ille
575 3097 738 3186 pomaria,
751 3097 975 3164 venationem
993 3097 1092 3180 alter,
1107 3098 1207 3177 alter,

163 3213 257 3301 quod
274 3213 410 3292 mirere,
422 3211 632 3280 lanificium:
652 3213 782 3304 egregii
800 3235 883 3280 sane
901 3213 1095 3304 scriptores
1107 3238 1208 3304 quos-

163 3348 232 3414 que
262 3327 407 3394 minime
438 3325 629 3394 Poetarum
662 3348 810 3394 numero
840 3326 948 3394 eximi
979 3326 1109 3396 velim:
1148 3329 1205 3418 qui

163 3451 283 3509 tamen
307 3464 352 3509 ex
374 3464 415 3510 ea
441 3450 541 3531 parte
564 3465 645 3510 cum
663 3440 815 3533 Virgilio
834 3443 996 3533 componi
1016 3453 1205 3534 nequeant,

164 3557 256 3646 quod
281 3555 332 3624 illi
354 3553 524 3650 πάρεργον
541 3558 647 3625 modo
673 3557 717 3625 ad
740 3565 880 3648 tempus
903 3579 941 3626 se
962 3567 1113 3629 tractare
1139 3561 1207 3651 sig·

164 3672 319 3753 nificent,
346 3670 403 3740 hio
433 3680 537 3740 nocte
568 3672 694 3762 dieque
724 3673 760 3740 in
791 3695 829 3741 re
858 3694 920 3740 sua
949 3672 1079 3741 rustica
1109 3682 1206 3743 totns

165 3808 239 3854 esse
259 3787 428 3856 videatur.

213 3901 289 3972 Vix
306 3903 414 3971 ullam
433 3905 589 3972 invenies
607 3904 761 3974 velanni
784 3905 990 3996 particulam
1008 3903 1065 3973 vel
1082 3905 1205 3975 horam

163 4017 270 4084 etiam
300 4018 379 4098 diei,
406 4042 510 4109 quam
537 4043 607 4088 uon
630 4021 819 4111 signaverit
850 4020 917 4089 Ille
944 4029 1029 4090 nota
1055 4022 1204 4112 quadam

161 4132 371 4222 deprompta
393 4134 436 4202 dc
460 4135 597 4203 rusticis
621 4136 793 4226 operibus,
812 4136 941 4225 quales,
961 4139 1094 4233 opinor,
1113 4137 1204 4207 colo-

568 4350 658 4402 tAEn.
678 4366 718 4402 12.
732 4365 792 4415 451.
