2768 4876
179 365 395 407 ruanxxxvu.
435 343 566 428 pomdor
580 365 651 406 raas
659 363 730 427 prae
745 343 861 406 octaris
876 345 1002 407 ornauit.
1153 345 1216 411 747

219 517 355 586 Rursus
373 516 434 585 ubi
451 523 625 584 memorat
644 514 807 583 Pastores
821 513 942 606 Libyae
954 524 991 596 ῃ;

311 646 388 716 Saepe
400 645 469 698 diem
482 652 640 713 noctemque
653 651 678 695 et
690 650 778 696 totum
791 660 823 696 ex
836 643 928 697 ordine-
939 662 1058 698 mensem

310 731 440 794 Pascitur,
452 730 525 800 itque
537 746 618 798 pecus
630 730 711 797 longa
723 728 750 782 in
763 728 866 782 deserta
878 731 935 784 sine
947 732 1009 785 ullis

312 817 460 887 Hospitiis3
479 823 584 869 tantum
596 814 683 883 campi
691 815 776 885 jacet:
797 816 887 869 omnia
899 834 991 870 secum

310 902 494 956 Armentarius
506 900 571 953 Afer
582 900 646 969 agit,
657 907 821 971 tectumque,
835 899 991 972 Laremque,

310 991 454 1060 Armaque,
466 988 685 1058 Amyclaeumque
698 1005 798 1050 canem,
813 986 988 1058 Cressamque
1000 988 1158 1057 pharetram.

165 1105 346 1189 Quorsum
361 1106 505 1173 tandem
523 1102 621 1184 illud,
633 1113 653 1140 ‘⁶
666 1100 818 1171 Tantum
833 1104 948 1194 campi
959 1103 1057 1194 jacet
1067 1104 1101 1174 l’'
1131 1105 1218 1174 Imi-

152 1231 274 1303 tatur,
292 1221 328 1288 ni
347 1218 458 1301 fallor,
476 1241 675 1289 samonem
701 1216 785 1287 Itali
812 1220 969 1308 pastoris,
988 1221 1156 1301 mirantis,
1175 1230 1216 1289 ut

163 1339 219 1419 tit,
241 1337 363 1429 planas
387 1347 424 1406 et
449 1345 587 1427 apertas
613 1335 687 1402 sine
714 1334 827 1402 limite
854 1335 1024 1426 regiones,
1042 1358 1123 1403 curn
1150 1337 1216 1426 ipsi

163 1451 405 1521 omn-iafinita
431 1453 501 1520 sint
527 1473 567 1518 ac
594 1449 769 1530 distincta,
794 1458 830 1518 et
856 1450 986 1519 crebris
1003 1450 1144 1540 quidem
1164 1452 1217 1519 in-

165 1566 334 1636 tervallis.

218 1684 275 1751 Ac
302 1682 420 1751 nescio
448 1704 492 1749 au
520 1681 611 1750 forte
637 1681 760 1750 eadem
788 1680 938 1749 formula
964 1683 1214 1773 comprehendi

166 1797 320 1867 debeant
346 1795 581 1887 pulcherrima
606 1795 666 1865 illa
692 1819 733 1865 ac
758 1795 919 1887 plurima,
938 1796 1065 1886 quibus
1086 1820 1124 1867 se
1148 1801 1216 1891 sig-

154 1911 287 1980 ·nificat
305 1912 436 1981 eximie
449 1910 615 1982 delectari
634 1913 782 2005 ingeniis
797 1921 834 1980 et
852 1913 1007 1981 moribus
1023 1913 1215 1984 bestiarum

167 2028 337 2106 omnium,
355 2050 521 2118 pecorum
539 2030 735 2120 praesertim
754 2037 792 2097 et
809 2051 936 2120 apum:
963 2029 1072 2098 immo
1091 2053 1214 2100 ornnes

167 2165 286 2211 amore
302 2145 454 2233 quodam
476 2146 648 2235 prosequi.
702 2144 782 2227 Quo
809 2167 879 2212 uno
906 2145 1060 2213 maxime
1086 2145 1215 2215 indicio

168 2255 282 2325 solent
299 2256 466 2326 declarari
493 2257 574 2326 hino
599 2282 787 2350 germanus
809 2266 846 2327 et
867 2261 1041 2351 ingenuus
1066 2261 1116 2328 rei
1142 2285 1217 2331 rus-

168 2372 246 2440 ticae
272 2373 398 2454 cultor,
415 2372 512 2443 illinc
530 2375 557 2441 si
576 2376 635 2464 qui
663 2385 773 2443 artem
797 2374 900 2443 istam
925 2385 1092 2444 exercent
1117 2377 1215 2468 igno-

170 2487 229 2556 bili
259 2513 301 2559 ac
331 2492 546 2560 mercenario
577 2493 705 2560 animo.
759 2490 860 2559 Nihil
891 2491 979 2559 adeo
1009 2491 1147 2582 planius
1177 2501 1215 2560 et

168 2603 295 2674 melius
312 2607 497 2699 distinguit
516 2630 558 2676 ea
575 2630 704 2700 genera
725 2617 798 2676 tam
817 2608 977 2698 disparia,
996 2631 1100 2698 quam
1120 2609 1214 2699 quod

169 2719 218 2787 illi
242 2743 350 2811 pecus
374 2743 479 2789 omne
506 2721 604 2790 velut
630 2723 854 2791 instrumenti
881 2723 958 2793 loeo
979 2722 1143 2803 habeant,
1170 2746 1215 2792 ne

168 2834 259 2904 forte
276 2836 425 2905 decedat
450 2837 581 2927 aliquid
601 2839 645 2907 de
663 2847 799 2928 quaestu
824 2838 949 2931 agelli:
976 2838 1076 2908 alunt
1094 2841 1214 2931 itaque

168 2960 204 3019 et
221 2952 344 3021 fovent
365 2954 527 3044 pecudes,
550 2963 719 3036 armenta,
738 2977 851 3035 canes,
870 2955 973 3046 plane
992 2957 1082 3024 sicut
1100 2964 1215 3024 aratra

169 3077 202 3134 et
223 3068 312 3159 juga
335 3068 446 3136 fracta
469 3068 574 3150 refici,
594 3078 714 3138 vetera
737 3070 889 3162 suppleri
908 3080 1051 3140 curant:
1079 3071 1214 3139 effoetos

168 3185 311 3253 taudem
338 3193 375 3253 et
400 3185 542 3253 inutiles
565 3207 586 3253 a
609 3208 646 3254 se
670 3186 841 3255 removeri
862 3187 1001 3278 jubent,
1020 3186 1117 3254 nulla
1135 3185 1215 3253 reli-

168 3300 282 3391 gione.
334 3299 385 3367 Hi
403 3309 525 3368 contra
542 3323 623 3369 curn
641 3302 763 3370 iisdem
783 3304 910 3384 vivere,
923 3324 1026 3393 paene
1043 3312 1212 3392 tanquam

169 3438 248 3484 eum
272 3416 393 3484 amicis
411 3424 449 3484 et
468 3415 663 3486 sodalibus:
692 3417 808 3485 studio
831 3441 902 3485 non
928 3417 997 3486 levi
1017 3419 1149 3487 discere
1172 3441 1212 3487 ao

168 3532 368 3621 praesentire
386 3519 612 3601 necessitates
630 3555 761 3614 eorum,
780 3555 937 3624 angores,
951 3532 1084 3612 solatia,
1103 3534 1212 3602 immo

169 3645 278 3730 (dicto
300 3646 345 3714 sit
367 3646 483 3731 venia)
508 3646 692 3714 discursus.
745 3645 841 3729 Quid
867 3646 1003 3716 multat
1031 3657 1104 3715 tam
1131 3648 1213 3716 feris

168 3785 273 3852 quam
306 3760 500 3851 pecudibus
534 3783 716 3850 personam
753 3763 916 3832 tribuisse
957 3763 1096 3831 videtur
1129 3762 1214 3833 Vir-

167 3878 281 3971 gilius,
309 3900 390 3958 non‚
418 3887 459 3945 ut
489 3876 657 3967 plerique,
688 3878 837 3968 poetieae
865 3879 1059 3948 venustatis
1088 3879 1211 3970 gratia,

168 3993 227 4061 sed
246 3991 361 4060 multo
378 3991 490 4083 magis
508 4002 549 4059 ut
566 4003 658 4061 esset
677 3993 742 4062 sibi
761 3994 854 4061 unde
867 3992 1027 4083 expleret¹
1045 3993 1210 4074 studium,

167 4130 236 4197 quo
262 4128 401 4198 semper
418 4105 598 4198 flagrabat,
617 4131 699 4199 erga
720 4110 867 4177 comites
891 4131 931 4177 ac
959 4108 1135 4177 ministros
1153 4109 1212 4177 de-

167 4221 325 4290 liciarum
343 4244 483 4290 suarum
502 4223 702 4314 agrestium.

589 4361 605 4389 ¹¹
618 4353 685 4404 AEn.
699 4368 723 4421 3.
737 4368 798 4420 341.
