2768 4876
167 349 257 392 rann.
271 350 407 390 xxxvnr.
437 328 612 412 praeemim
626 328 660 391 in
675 328 761 391 tristi
774 322 895 391 suorum
909 329 1001 392 onitu.
1149 326 1212 395 763

167 500 275 569 tacita
292 509 329 567 et
347 498 494 568 salubris
512 523 602 569 vena
624 523 688 590 per
704 499 765 569 illa
781 501 889 569 etiam
909 499 1116 593 Virgiliana,
1135 523 1212 592 quae

166 614 281 705 palam
314 623 350 682 et
381 623 502 704 aperte
537 614 716 684 declarant
751 637 882 707 aegrum
915 625 952 684 et
982 616 1211 706 irrequietum

166 728 334 797 animum.
388 726 500 797 Verbi
517 725 664 821 gratias:

309 847 442 901 Sternitur
453 848 544 902 infelix
556 848 641 902 alieno
653 851 770 912 vulnere,
783 851 931 920 caelumque

308 934 419 1003 Aspicit,
431 941 457 987 et
468 933 555 988 dulces
566 936 677 988 moriere
688 936 862 988 reminiscitur
874 936 967 1004 Argos.

169 1046 238 1117 Vel
264 1070 317 1128 en,
341 1071 422 1138 quae
449 1048 644 1140 depingunt
672 1047 822 1117 Didonis
848 1058 1040 1139 aspectum,
1058 1050 1211 1120 animam

168 1163 272 1231 modo
285 1163 361 1253 jam
380 1164 560 1256 agentiss:

450 1273 595 1345 Oculisque
608 1274 768 1338 errantibus,
781 1277 835 1328 alto

312 1360 436 1420 meavit
447 1362 508 1414 coelo
521 1361 609 1423 lucens,
621 1361 802 1432 ingemuitque
814 1368 925 1431 reperta.

168 1474 352 1567 Significat
378 1474 492 1565 plane,
519 1483 599 1565 post
624 1482 680 1542 tot
706 1474 926 1544 calamitates
953 1498 994 1544 ac
1021 1475 1128 1544 taedia
1156 1475 1212 1544 vel

168 1589 284 1660 exsilii
312 1589 368 1659 vel
398 1589 547 1658 infelicis
576 1589 684 1658 etiam
713 1591 849 1671 amoris,
878 1612 1058 1680 superesse
1091 1598 1213 1658 tamen

168 1706 260 1796 quod
292 1703 527 1795 amplectatur
552 1703 678 1795 aliquis
706 1703 742 1771 in
769 1704 837 1774 hoo
865 1705 1096 1774 incertissimo
1131 1705 1212 1774 vitae

167 1817 350 1888 curriculo.

216 1933 324 2017 Quid,
359 1934 453 2023 quod
488 1933 634 2002 solenne
667 1933 766 2016 illud,
802 1933 1048 2004 “mortalibus
1082 1936 1213 2027 aegris,''

168 2057 187 2088 “
204 2049 341 2118 miseris
364 2047 602 2130 mortalibus,'’
626 2058 663 2118 et
687 2051 715 2118 si
738 2050 822 2139 quid
844 2051 936 2140 apud
961 2072 1043 2119 eum
1062 2051 1213 2120 occurrit

167 2162 350 2256 ejusmodi,
364 2163 519 2255 mitigari
537 2186 676 2254 semper
692 2165 803 2233 ferme
821 2165 956 2233 curavit
970 2164 1077 2233 verbo
1095 2163 1212 2256 aliquo

167 2280 294 2349 melius
327 2278 510 2348 ominatoi
548 2278 645 2348 velut
675 2280 734 2349 ubi
767 2281 881 2359 docet,
910 2280 1058 2349 describi
1087 2279 1212 2349 caelum

168 2418 271 2465 omne
290 2395 326 2462 in
344 2394 498 2485 quinque
515 2404 643 2484 partes,
662 2418 723 2464 seu
740 2391 896 2465 zonash:

449 2539 564 2592 quarum
576 2540 631 2576 una
643 2541 755 2577 corusco

309 2607 420 2678 Semper
433 2607 494 2662 Sole
506 2608 615 2672 rubens,
628 2618 654 2662 et
666 2610 766 2663 torrida
778 2628 882 2680 semper
895 2610 928 2664 ab
940 2611 1002 2681 igne
1009 2633 1018 2673 ;

309 2694 399 2752 Quam
411 2693 511 2748 circum
524 2703 647 2748 extremae
661 2694 752 2749 dextra
763 2698 881 2766 laevaque
893 2696 1037 2750 trahuntur

308 2778 428 2833 Caerulea
439 2780 522 2850 glacie
535 2789 665 2834 concretae
677 2789 756 2851 atque
767 2781 899 2835 imbribus
911 2781 983 2834 atris.

308 2866 367 2918 Hae
378 2866 447 2919 inter
458 2866 623 2936 mediumque,
637 2866 693 2920 duce
704 2868 857 2921 nwrtolibns
869 2868 946 2936 capris

307 2952 417 3005 Mancre
429 2970 553 3007 concesse
566 2954 670 3008 Divum.

216 3067 286 3136 His
303 3068 383 3136 addi
404 3075 572 3158 potemnt
585 3088 636 3148 ea,
651 3089 731 3156 quae
749 3090 873 3159 greges
887 3067 1099 3158 capellarum
1119 3092 1214 3138 corn-

166 3178 355 3253 mendant¹
370 3205 377 3251 :

308 3293 336 3347 N
337 3311 367 3348 ec
379 3295 469 3349 minus
481 3295 581 3349 interea
592 3295 688 3349 barbas
700 3295 846 3366 incanaque
859 3305 948 3349 menta

309 3379 435 3452 Cinyphii
447 3381 559 3435 tondent
571 3381 646 3445 birci,
660 3389 781 3452 setasque
793 3392 937 3445 comantes,

309 3467 400 3522 Usum
410 3467 439 3521 in
452 3477 601 3522 castrorum
613 3477 639 3522 et
651 3469 754 3522 miseris
767 3470 897 3523 velamina
909 3469 1006 3522 nautis.

168 3578 299 3647 Noluit
337 3587 359 3618 “
377 3581 540 3649 miseros''
575 3580 753 3671 appellari,
790 3581 825 3649 ni
868 3581 1032 3652 solatium
1073 3606 1214 3673 quoque

166 3693 352 3763 adhibeat:
380 3693 553 3784 provideri
573 3693 665 3763 ultro
684 3694 883 3787 algentibus
907 3696 951 3766 ab
969 3698 1044 3788 ipsa
1064 3696 1213 3766 Natura.

216 3808 350 3878 Durius
367 3808 486 3899 paullo
504 3803 645 3878 illudk:

308 3935 418 4006 Optima
430 3952 543 4007 quaeque
556 3936 612 3990 dies
624 3938 727 3991 miseris
739 3937 896 3992 mortalibus
909 3939 958 3991 aevi

308 4021 397 4075 Prima
409 4022 493 4092 fugit:
514 4022 630 4077 subeunt
642 4023 738 4088 morbi,
750 4024 886 4095 tristisque
899 4034 1030 4088 senectus,

308 4107 343 4160 lit
355 4107 430 4161 labor
442 4116 468 4160 et
480 4106 554 4161 durae
567 4108 635 4177 rapit
647 4109 814 4164 inclementia
825 4111 927 4163 mortis.

199 4234 211 4273 ¹
227 4236 295 4288 AEn.
313 4251 353 4288 10.
368 4236 428 4304 781.
596 4244 611 4281 ἰ
629 4235 696 4288 lbid.
710 4256 735 4302 4.
750 4236 810 4307 691.
974 4236 984 4266 ¹¹
1006 4237 1099 4306 Georq.
1116 4255 1138 4291 1.
1153 4255 1213 4308 233.

165 4319 172 4357 l
191 4319 259 4372 lbid.
273 4336 298 4390 3.
312 4337 373 4390 311.
481 4319 495 4356 ¹¹
513 4320 580 4373 Ibid.
593 4337 619 4390 3.
634 4319 677 4374 66.
