2768 4876
165 303 230 370 578
255 301 339 380 Quid
351 303 396 367 od
410 304 523 368 Poest‘o
536 306 664 370 adducat
678 304 1213 391 oarrmsdipera'tiu.runn.xxvr11.

165 481 202 540 et
220 472 405 564 splendore
422 475 619 558 verborum,
637 477 681 544 de
698 476 823 546 eodem
849 499 922 549 non
947 475 1128 547 immerito
1148 477 1212 547 du·

165 588 269 658 bitari
295 613 405 681 posse,
432 614 477 662 an
504 590 592 660 nihil
620 591 731 661 ferme
756 613 944 661 commune
969 592 1101 662 habeat
1130 615 1211 663 cum

164 703 215 787 iis,
239 707 300 795 qui
326 730 365 776 re
390 717 427 776 et
453 706 583 777 affectu
609 708 705 799 prius
731 716 812 776 sunt
838 706 924 776 facti
946 708 1082 789 Poetae,
1105 730 1210 800 quam

164 820 255 912 stylo
274 833 311 891 et
328 825 482 894 carmine
499 824 714 915 prodierunt.

214 933 296 1006 Jam
314 937 359 1006 de
382 937 494 1009 altero
520 938 581 1008 illo
603 961 742 1032 genere,
760 937 917 1009 fabulam
940 945 1045 1007 acute
1069 937 1210 1009 conclu-

165 1053 336 1134 dentium,
367 1054 586 1124 nectentium
620 1055 797 1147 ambages,
826 1053 927 1125 filum
961 1075 1004 1123 eo
1034 1054 1211 1123 deducen-

164 1169 264 1251 tium,
279 1194 348 1261 quo
365 1171 455 1240 ferat
473 1170 531 1242 lex
550 1172 623 1240 sive
641 1172 755 1262 operis
773 1193 834 1241 sen
854 1170 1020 1251 veritatis,
1037 1168 1213 1239 difficilior

164 1284 311 1355 fortasse
334 1287 401 1356 erit
422 1288 588 1377 quaestio:
619 1288 775 1358 maxime
805 1297 949 1378 propter
976 1283 1210 1356 Aristotelem

164 1401 307 1493 ejusque
330 1402 511 1486 familiam,
537 1405 770 1496 gravissimos,
792 1402 914 1483 fateor,
941 1410 1125 1484 auctores3
1152 1400 1210 1493 qni

165 1526 201 1586 et
224 1517 333 1599 μόθον,
352 1541 458 1608 quem
476 1527 615 1602 vocant,
634 1518 708 1588 sive
729 1518 976 1597 narrationem,
993 1523 1212 1608 anteponen-

164 1635 246 1702 dam
280 1635 380 1702 aiunt
410 1636 548 1704 caeteris
578 1634 775 1727 Tragoedias
807 1633 978 1725 partibus,
1009 1641 1046 1701 et
1076 1631 1210 1701 oaeteris

163 1748 342 1841 Tragoedia
356 1748 581 1841 Sophoclem,
594 1749 847 1841 peritissimum
867 1746 1031 1817 videlicet
1048 1746 1210 1816 narrandi

163 1864 346 1934 artificem.
398 1863 522 1957 Atque
553 1889 675 1936 eornm
704 1865 818 1935 omnis
848 1864 922 1934 fere
951 1861 1213 1955 argumentatio

164 1980 254 2049 solet
271 1982 307 2048 in
325 1980 500 2072 OEdipode
518 1980 680 2073 Tyranno
701 1987 874 2072 perpetuo
892 1977 1032 2058 versari,
1050 1975 1150 2046 velut
1175 1977 1212 2045 in

164 2095 317 2187 quodam
335 2097 387 2166 sui
406 2097 619 2166 documento
638 2095 694 2164 vel
713 2096 817 2165 unico
834 2093 890 2164 vel
909 2103 1006 2163 certe
1023 2093 1212 2184 praecipuo.

165 2211 324 2294 Quorum
348 2234 407 2281 me
432 2213 544 2304 magis
569 2220 809 2280 commoveret
830 2210 1031 2291 auctoritas,
1048 2209 1086 2277 ni
1106 2206 1212 2278 iutel-

165 2327 321 2420 ligerem,
340 2329 432 2420 ipsos
458 2329 569 2398 solere
587 2327 684 2420 vulgi
704 2327 841 2418 judicio
866 2325 1017 2393 nimium
1043 2324 1212 2395 tribuere.

165 2442 260 2513 Nam
286 2467 368 2514 cum
391 2446 426 2513 in
445 2443 541 2513 omni
559 2441 765 2512 Aristotelis
782 2443 827 2511 de
846 2440 992 2511 Poetioa
1018 2439 1108 2508 libro
1133 2461 1213 2530 pro-

165 2567 311 2628 vocetur
336 2559 595 2650 quodammodo
621 2559 665 2628 ad
693 2555 872 2648 Populum
886 2579 907 2650 ;Ι
926 2578 1008 2624 cum
1033 2563 1216 2646 spectetur

165 2676 296 2767 ubique
319 2676 432 2745 forma
454 2699 495 2745 ac
519 2675 625 2744 facies
643 2674 832 2754 Poematis,
851 2696 922 2741 non
943 2672 1069 2740 intima
1088 2670 1213 2740 Poetae

165 2814 284 2876 mens;
316 2802 392 2861 tum
416 2792 464 2861 ibi
485 2791 677 2883 praesertim
703 2791 741 2858 id
766 2790 817 2869 fit,
836 2790 897 2858 ubi
915 2810 1036 2856 causas
1056 2780 1225 2878 explieat

165 2903 388 2987 Aristoteles,
403 2929 466 2974 cur
479 2906 516 2973 in
530 2904 722 2997 Trngoediae
739 2904 922 2972 condenda
938 2902 1118 2993 praecipuo
1136 2900 1217 2972 loco

165 3022 294 3091 debeat
311 3023 430 3091 haberi
451 3020 596 3090 Fabula.
649 3017 787 3088 Multas
809 3018 986 3088 inculcare
1003 3017 1146 3087 videt-ur
1161 3040 1216 3086 ra-

166 3136 290 3218 tioneS,
308 3160 456 3228 quarum
474 3144 595 3205 tamen
621 3134 695 3203 haee
713 3157 784 3203 una
802 3141 855 3203 est
876 3155 1033 3203 summa:
1058 3129 1103 3201 τὰ
1121 3131 1218 3223 μέγι-

167 3280 245 3331 στα,
258 3251 382 3342 inqult‚
402 3248 468 3326 οἷς
493 3247 621 3345 dexo
635 3277 696 3338 Ὑω
708 3277 732 3339 γ
744 3258 782 3317 εἲ
804 3251 821 3328 ἦ
839 3245 1031 3342 Τραγῳδῖα,
1042 3251 1104 3316 τοῦ
1115 3246 1219 3328 μύθου

166 3364 247 3459 μέρη
269 3365 370 3435 ἐστιν·
399 3365 468 3435 οἷον
490 3365 715 3460 ἡπεριπετεῖα
739 3364 790 3432 καὶ
812 3366 830 3442 ἡ
853 3363 1077 3456 ἆναγνώρισις.
1131 3361 1219 3430 Pro·

168 3481 250 3548 inde
267 3482 363 3570 quasi
386 3483 515 3551 theatri
534 3482 696 3563 clamore,
714 3480 959 3572 plaudentium
985 3477 1218 3547 multitudine

169 3618 209 3664 ac
223 3595 400 3679 lateribus,
415 3606 485 3666 stet
503 3599 649 3667 cadatve
663 3618 871 3689 magnorum
885 3594 1076 3663 Poetarum
1094 3592 1216 3686 gloria

170 3710 374 3781 Istiusmodi
399 3714 523 3782 edictis
540 3713 601 3804 qui
626 3735 663 3782 se
688 3712 800 3780 teneri
820 3710 1024 3789 decreverit,
1043 3709 1072 3778 is
1091 3708 1215 3777 multis

170 3829 324 3896 numeris
351 3852 493 3898 necesse
518 3838 572 3898 est
598 3828 761 3919 praeferat
779 3824 882 3894 lliadi
901 3823 1076 3894 trivialem
1095 3846 1217 3916 quam·

171 3941 258 4012 libet
285 3943 480 4029 historiam,
503 3943 623 4035 quales
652 3943 758 4011 hodie
787 3941 886 4010 nulla
910 3964 982 4009 non
1006 3941 1043 4008 in
1069 3941 1217 4010 taberna

172 4056 347 4150 leguntur.
401 4058 543 4150 Nempe
569 4059 628 4149 qui
659 4057 713 4127 his
742 4056 828 4125 dant
858 4077 1011 4145 operam,
1042 4054 1109 4124 nisi
1139 4075 1218 4144 per·

173 4170 283 4255 lectis,
305 4175 503 4244 obdormire
529 4175 602 4243 fere
628 4178 830 4264 nequeunt3
857 4168 951 4260 capti
976 4168 1143 4239 videlicet
1168 4169 1220 4237 in-

173 4290 316 4378 geniosa
333 4291 482 4379 quadam
509 4290 691 4370 nodorum,
709 4290 768 4379 qui
787 4284 1021 4377 appellantur,
1038 4286 1220 4354 varietate.
