2768 4876
169 337 269 380 runo.
280 338 357 380 xxv.
389 291 642 403 opportunitatem
656 340 778 404 quoqne,
793 319 892 383 ιαάιιίο
907 324 1069 404 arrepturo.
1158 323 1222 383 513

223 490 404 560 Praeterea
421 491 623 573 videndum,
647 515 692 560 an
717 499 827 586 καῖρος
853 491 914 560 ille
931 492 991 582 qui
1013 491 1153 575 dicitur,
1176 495 1220 562 de

172 630 243 698 quo
277 617 333 676 tot
367 616 442 676 tam
476 609 596 700 gravia
628 606 737 677 habet
771 608 1005 698 undequaque
1046 617 1220 699 praecepta

172 722 355 804 Pindarus,
373 747 445 792 non
471 723 576 792 aliam
603 724 649 793 ob
671 745 812 792 causam
830 725 968 792 venerit
991 725 1024 792 ei
1051 725 1157 794 toties
1182 726 1218 792 in

170 848 343 923 mentem,
372 863 479 931 quam
509 840 604 930 quod
638 862 684 908 ex
717 862 761 908 eo
791 839 955 932 neglecto
986 839 1042 908 vel
1076 848 1217 932 arrepto

170 956 325 1045 pendeat
355 957 518 1024 universa
547 956 620 1024 fere
651 956 793 1024 fortuna
822 955 1045 1025 certantium.
1101 954 1144 1024 Id
1175 957 1220 1024 si-

169 1071 248 1160 quis
276 1071 394 1140 animo
419 1078 552 1151 teneat,
579 1072 710 1161 nequius
736 1071 882 1141 fortasse
909 1072 999 1141 ferat
1026 1072 1218 1141 sententias

169 1183 258 1266 illas,
280 1186 397 1255 decies
414 1187 508 1277 apud
526 1208 608 1254 eum
627 1186 838 1276 repetitam:

383 1348 471 1416 καῖρον
483 1345 506 1398 εἶ
517 1345 655 1416 φθέγξαιο,
668 1348 775 1399 πολλῶν

382 1428 490 1500 πείρατα
502 1430 670 1499 ξοντανόσαις
682 1432 710 1485 ἐν
720 1434 823 1501 βραχεῖ,

382 1517 459 1583 μείων
471 1516 558 1571 ἕπεται
569 1523 656 1586 μῶμος
667 1517 815 1587 ἀνθρώπων.

168 1664 260 1734 Tum
278 1662 372 1746 illab,

311 1809 399 1878 ἀρεταὶ
411 1809 433 1862 δ’
447 1810 496 1863 aiei
507 1811 618 1880 μεγαλαὶ
631 1808 784 1878 πολύμυθοι·

310 1898 372 1959 βαῖα
385 1896 406 1949 δ’
420 1896 448 1950 ἐν
459 1899 581 1968 μακροῖσι
594 1896 747 1959 ποικίλλειν,
759 1896 824 1950 ἀκοὰ
837 1898 941 1965 σοφοῖς·
960 1895 973 1947 ὃ
987 1897 1015 1948 δὲ
1028 1899 1114 1965 καῖρος
1125 1896 1218 1964 ὁμοίως

310 1983 405 2037 παντὸς
416 1983 470 2052 ἔχει
483 1983 608 2052 κορυφάν.

219 2143 293 2214 Sed
318 2145 401 2235 quid
428 2169 495 2238 ego
524 2147 626 2238 plura
652 2147 696 2214 de
723 2168 761 2214 re
789 2147 873 2215 satis
898 2156 1083 2237 perspecta
1109 2153 1216 2236 atque

168 2261 335 2352 cognita?
373 2260 496 2331 Liceat
513 2265 619 2332 modo
638 2261 866 2331 concludenti
883 2261 978 2331 hunc
995 2261 1123 2343 locum,
1137 2285 1216 2353 pro·

169 2373 260 2444 ferre
286 2374 375 2444 illud
400 2378 645 2447 suavissimum
670 2377 714 2445 de
740 2384 840 2467 patre
859 2377 1000 2445 victoris
1027 2376 1071 2445 ab
1096 2376 1216 2445 inferis

168 2491 337 2569 excitato,
366 2514 410 2560 ue
440 2494 574 2561 recenti
605 2491 731 2583 palmae
760 2492 898 2561 deesset
928 2492 1028 2560 testis
1056 2491 1213 2558 omnium

167 2608 456 2698 exoptatissimus
467 2618 491 2677 ⁰.

307 2779 474 2851 μελαντειχέα
487 2783 530 2833 νῦν
543 2780 621 2847 δόμον
634 2780 802 2848 Φερσεφόνας
813 2775 859 2839 ἰ’θι,
870 2775 954 2845 Ἀχοῖ,

306 2868 385 2936 πατρὶ
399 2867 494 2920 κλυτὰν
505 2863 610 2936 φέροισ’
622 2865 755 2936 ἀγγελίαν,
769 2864 920 2930 Κλεόδαμον
934 2861 1006 2933 όφρα
1021 2859 1097 2914 ῖδοισ’
1111 2862 1166 2914 υἱὸν
1178 2859 1212 2914 ε’ί·

341 2975 399 3021 σας,
412 2952 452 3007 ὅτι
464 2955 488 3006 οἱ
501 2954 559 3006 νεάν

307 3038 475 3109 ἐστεφάνωσε
488 3040 598 3108 κυδίμων
609 3038 709 3091 ἀέθλων
720 3040 840 3107 πτεροῖσι
851 3036 951 3106 χαίταν.

166 3195 342 3286 Equidem
370 3194 424 3263 vel
456 3195 559 3262 unico
588 3192 648 3261 illo
677 3194 788 3261 fretus
815 3190 979 3281 exemplo
1006 3191 1211 3260 confirmare

164 3312 324 3390 audeam,
346 3334 416 3379 nou
441 3312 560 3401 inepte
587 3310 752 3402 conjungi
778 3331 880 3401 posse
907 3329 1028 3375 omnes
1053 3308 1210 3375 omnium

164 3429 328 3498 caritates
355 3449 436 3495 cum
467 3449 538 3495 uno
565 3425 627 3516 illo
656 3424 734 3493 loco
765 3425 809 3493 de
839 3422 1053 3493 athletarum
1078 3424 1209 3514 gestis;

163 3567 279 3635 neque
304 3543 392 3612 adeo
418 3541 601 3634 indignum
627 3563 820 3621 comesse,
849 3540 910 3629 qui
937 3539 1014 3608 fons
1040 3547 1077 3607 ct
1103 3549 1210 3629 caput

163 3660 334 3728 universae
360 3657 556 3726 Pindaricae
584 3655 736 3725 Poeseos
762 3656 945 3725 habeatur.
999 3654 1136 3725 Verum
1165 3655 1209 3722 de

164 3795 205 3842 ea
221 3796 260 3840 re
277 3771 409 3839 certius
427 3771 494 3839 erit
513 3771 699 3861 judicium,
719 3780 905 3862 postquam
930 3768 1111 3837 absolvero
1129 3790 1208 3835 eam

163 3899 298 3978 partem
324 3886 447 3975 operio,
474 3886 518 3953 de
539 3908 609 3975 qua
634 3886 794 3976 proxime
819 3885 1006 3954 dicendum
1031 3883 1108 3960 erit,
1128 3905 1207 3972 quae

197 4193 304 4261 ⁸Pyu.
321 4208 344 4245 1.
361 4191 417 4257 156.
595 4191 609 4227 b
628 4192 696 4244 ibid.
709 4209 735 4261 9.
749 4192 791 4257 56.
973 4198 985 4225 ⁰
1007 4191 1047 4244 Ol.
1060 4190 1111 4242 xiv.
1128 4189 1170 4242 28.

662 4301 683 4348 L
701 4281 711 4346 1
