2768 4876
163 332 260 373 rann.
271 330 348 372 xxv.
422 309 600 374 Pindarico
615 310 652 374 da
665 309 812 373 ουόνυννινι
819 311 971 393 premiis.
1151 313 1214 378 493

164 478 366 551 Veniamus
394 481 501 550 hodie
530 480 575 550 ad
605 481 753 573 praemia
780 481 955 564 victoriae3
986 482 1213 573 praeconium,

164 604 271 680 serta,
294 595 425 688 epulas,
448 594 581 679 Κῶμον,
601 595 774 688 hymnum
796 599 856 688 qui
878 596 1071 667 vocabatur
1087 597 1216 667 Ἐπκυί-

163 735 251 786 κκοςτ
279 712 373 802 quod
400 733 513 804 genus
536 734 653 794 omne,
680 714 733 781 uti
758 736 822 804 par
845 721 932 795 erat,
958 712 1130 782 Pindarus
1155 736 1216 805 ap-

164 800 279 919 prime
305 827 414 897 habet
435 828 472 895 in
496 826 641 897 deliciis.
694 827 737 897 In
760 836 927 920 promptu
951 829 1018 899 erit
1035 829 1216 922 exemplo-

164 965 245 1012 rum
269 965 379 1035 seges,
400 942 542 1012 uberior
567 943 714 1014 fortasse
732 967 838 1034 quam
865 952 990 1013 antea:
1019 943 1147 1033 quibus
1169 967 1216 1013 ne

166 1060 259 1130 desit
277 1059 362 1128 ordo
376 1059 520 1150 quidem
538 1081 633 1141 suus,
649 1059 884 1130 adhibeantur
900 1058 1013 1151 primo
1026 1081 1104 1149 quae
1121 1081 1217 1128 com-

165 1174 290 1244 munia
312 1181 395 1260 sunt
414 1173 587 1243 universae
610 1173 825 1243 athletarum
847 1173 1002 1254 nationi3
1029 1173 1156 1244 deiude
1175 1196 1217 1244 ea

165 1289 296 1380 quibus
325 1291 472 1359 minime
497 1311 668 1381 negamus
697 1289 886 1358 immisceri
913 1289 1127 1381 praecipuum
1154 1290 1217 1360 ali-

166 1407 261 1496 quod
279 1428 321 1475 ac
339 1407 520 1498 proprium
538 1405 693 1476 Pindari.

215 1516 301 1586 Jam
327 1518 520 1588 victoribus
549 1519 637 1589 nihil
663 1539 779 1612 neque
804 1522 900 1612 prius
923 1543 1039 1613 neque
1061 1529 1103 1591 ut
1128 1529 1216 1613 puto

165 1631 301 1724 gratius
329 1632 546 1715 occurrebat,
565 1655 671 1723 quam
701 1641 743 1703 ut
772 1631 877 1724 pleno
905 1632 1093 1703 Graiorum
1120 1640 1216 1702 coetu

166 1745 298 1838 publici
335 1748 504 1838 praeconis
534 1770 621 1817 voce
653 1749 945 1818 renunciarentur
969 1750 1128 1830 victores
1156 1750 1217 1818 ad-

161 1862 260 1953 jecto
278 1870 358 1932 tum
382 1864 492 1955 patris
508 1872 587 1933 turn
604 1863 712 1944 etiam
735 1864 856 1955 patriae
873 1865 1027 1934 nomine.
1079 1863 1216 1933 Mirum

166 1976 288 2067 itaque
318 1978 354 2047 ni
382 1975 451 2063 βοὰ
476 1974 611 2074 κάρυκος
635 1979 736 2048 ἐσλοῦ
761 1981 833 2050 suis
863 1979 1051 2072 aliquando
1080 1981 1217 2049 fruatur

167 2089 331 2163 laudibus
356 2096 449 2185 apud
474 2093 680 2186 Scriptores,
702 2118 789 2188 quos
813 2105 950 2178 vocant,
970 2095 1215 2190 Agonisticos:

167 2207 361 2300 praesertim
379 2231 461 2278 cum
478 2210 538 2279 isti
557 2210 671 2280 officio
688 2211 852 2282 tribuerit
869 2234 1008 2303 semper
1024 2212 1216 2301 antiquitas

168 2319 359 2393 Hellenica
372 2333 533 2394 sanctum
546 2324 690 2418 aliquod
703 2349 744 2396 ac
758 2326 971 2419 religiosum.
1008 2325 1067 2395 Sic
1078 2326 1216 2395 AEtneae

168 2437 325 2507 Coloniae
350 2440 549 2532 gratulatur
568 2441 690 2523 Poeta,
709 2443 803 2532 quod
829 2465 908 2512 eam
933 2466 1005 2511 non
1028 2441 1216 2534 Syracusas

168 2577 245 2624 suas
275 2557 450 2626 nominari
481 2556 633 2627 voluerit
663 2556 776 2626 Hiero
806 2558 996 2639 πυθιονίκης,
1027 2558 1123 2626 edita
1153 2578 1216 2647 pro

168 2693 265 2742 more
284 2667 467 2741 formulab.

380 2828 479 2882 κλεινὸς
491 2826 609 2898 οἴκιστὴρ
621 2826 739 2883 ἐκύδανεν
750 2831 828 2884 πόλιν

378 2915 491 2984 γείτονα,
503 2913 664 2970 Πνθιάδοςδ)
677 2915 706 2970 έν
717 2916 804 2990 δρόμῳ
817 2916 897 2986 κάρυξ
908 2913 1009 2970 ἀνέειπέ
1020 2937 1066 2978 νιν,
1079 2912 1218 2984 ἀγγέλλων

383 3083 396 3106 ,
413 2998 528 3070 Ἱέρωνος
539 3000 603 3071 ὑπὲρ
616 3001 763 3056 καλλινίκου

379 3107 487 3157 “raam-
1136 3176 1138 3180 μ

170 3206 248 3290 Quo
275 3208 313 3276 in
339 3207 418 3278 loco
442 3211 662 3280 mentionem
684 3232 834 3302 quoque,
857 3210 943 3280 licet
968 3209 1216 3288 obscuriorem,

170 3321 241 3392 lieri
260 3322 468 3414 crediderim
487 3324 641 3394 solennis
658 3325 873 3406 cantilenae⁰,

380 3467 500 3538 τήνελλα·

380 3556 400 3610 ὦ
413 3556 551 3611 καλλίνικε·
570 3556 639 3628 χαῖρ’
652 3556 716 3626 ἅναξ
727 3555 869 3627 Ἡράκλεες

379 3642 456 3697 αὐτός
466 3664 496 3696 τε
506 3639 546 3712 χῶ
558 3644 666 3707 Ἰόλαος,
679 3642 791 3713 αἶχμάτα
803 3643 859 3697 δυό.

379 3725 501 3795 τήνελλα.

169 3847 332 3919 Carmine
358 3848 426 3920 hoc
452 3873 534 3920 cum
561 3853 632 3921 suis
657 3852 1027 3920 numeris-numeros
1054 3847 1215 3940 intelligo

169 3963 287 4054 quales
314 3963 446 4035 habent
471 3966 841 4036 musici-utebantur
863 3965 974 4034 ferme
999 3964 1036 4031 in
1058 3962 1217 4055 Panegy-

169 4079 260 4161 uon,
290 4078 319 4149 si
355 4081 411 4149 cui
446 4081 660 4151 athletarum
696 4081 809 4150 defuit
843 4079 1003 4173 proprius
1044 4077 1214 4148 laudator.

250 4312 353 4381 δΡγΐΙι.
370 4330 393 4367 1.
408 4333 451 4385 59.
736 4326 745 4347 ⁰
765 4317 851 4368 Schol.
865 4316 893 4366 ia
906 4314 983 4367 Piud.
1012 4313 1053 4364 Ol.
1067 4330 1092 4382 9.
1104 4330 1132 4364 .1.
