2768 4876
176 331 385 376 aaranxxxvr.
420 311 609 376 atrocissimo
623 312 726 375 omnia
740 312 774 374 io
789 311 871 376 illud
883 312 1025 376 cumulat.
1157 316 1220 380 733

177 482 314 575 Quippe
340 507 405 554 usu
428 487 547 554 venire
573 485 781 576 accepimus,
804 485 922 574 utqui
946 492 1114 552 notantur
1138 484 1219 552 odio

176 599 318 669 humaui
344 601 494 692 generis,
520 600 627 669 iidem
654 601 765 670 ferme
791 622 930 691 semper
954 599 1108 669 habeant
1126 602 1219 691 quod

175 737 292 784 amore
322 724 595 806 prosequantur:
631 738 693 785 seu
725 738 859 796 canem,
886 717 959 785 sive
990 738 1132 806 equum,
1158 738 1220 784 seu

175 828 216 916 (si
238 831 310 900 fors
333 831 384 899 ita
407 831 544 921 tulerit)
562 853 674 900 avem.
728 829 925 900 Pertinebit
951 830 1059 922 igitur
1076 852 1118 900 ea
1135 854 1221 921 quo-

175 967 242 1034 que
263 967 319 1015 res
344 946 389 1015 ad
413 946 608 1027 lenitatem,
620 946 863 1037 judicantibus
881 947 925 1014 de
944 943 1147 1015 Mezentio:
1175 970 1220 1015 ne

175 1055 265 1126 forte
289 1058 346 1139 sit,
364 1059 462 1150 cujus
488 1082 576 1128 nece
599 1059 761 1151 placeant
788 1059 854 1128 sibi
878 1058 1047 1141 hominen,
1066 1058 1219 1152 Virgilio

175 1182 347 1242 narrante.

229 1289 419 1372 Praeterea,
450 1292 588 1381 quoties
618 1291 806 1360 dicendum
837 1302 891 1361 est
921 1293 965 1360 de
995 1300 1111 1384 strage
1140 1291 1221 1360 hor-

174 1407 359 1497 rendisque
389 1406 599 1487 vulneribus,
622 1430 771 1498 quorum
794 1409 892 1498 quasi
921 1409 1009 1476 serie
1035 1408 1126 1476 viam
1154 1409 1219 1478 sibi

175 1521 308 1610 aperire
335 1519 450 1588 solent
476 1521 533 1589 isti
561 1519 709 1602 Heroes‚
727 1522 813 1590 fecit
838 1523 933 1591 idem
959 1523 1156 1592 mirandum
1183 1525 1219 1591 in

176 1635 328 1716 modum,
347 1643 388 1703 ut
405 1636 548 1704 doceret
573 1644 758 1727 penetrare
775 1639 818 1706 ad
838 1639 956 1706 omnia
974 1639 1055 1707 vitae
1080 1661 1218 1731 genera,

176 1771 365 1840 omnesque
382 1751 549 1832 fortunae,
568 1762 705 1843 pestem
723 1753 820 1822 illam
837 1753 973 1823 bellicae
989 1754 1118 1847 gloriae.
1167 1754 1219 1824 Ut

176 1867 265 1934 enim
279 1865 395 1957 Trojae
411 1868 595 1937 mittamus
613 1870 801 1949 excidium,
820 1870 880 1938 ubi
899 1871 992 1940 inter
1009 1881 1156 1941 caeteros
1169 1879 1193 1950 ²²,

419 2027 497 2081 Cadit
509 2037 536 2081 ct
549 2029 668 2099 Rhipeus
677 2030 843 2100 justissimus
855 2049 926 2085 uuus

314 2111 369 2170 Qui
381 2113 431 2166 fuit
443 2114 471 2167 in
483 2115 602 2179 Teucris,
616 2128 641 2168 et
654 2117 866 2170 servantissimus
879 2117 964 2188 aequi:

312 2200 384 2269 (Diis
396 2201 470 2254 aliter
481 2202 569 2254 visum
580 2203 599 2270 ι)
618 2211 730 2271 pereunt
743 2203 918 2274 Hypanisque
931 2205 1095 2275 Dymasque,

272 2285 278 2292 ’
312 2285 418 2340 confixi
429 2305 445 2340 a
457 2288 550 2342 sociis:
570 2306 618 2342 nec
632 2298 657 2342 tc
669 2298 716 2342 tua
727 2291 849 2358 plurima,
863 2290 991 2353 Pantheu,

312 2371 456 2426 Labentem
468 2374 561 2444 pietas,
574 2392 623 2428 nec
636 2375 767 2444 Apollinis
780 2376 864 2428 infula
875 2376 941 2430 texit
950 2396 994 2429 :-

162 2531 260 2579 neve
279 2532 538 2581 commoremur
558 2513 594 2580 iu
613 2523 739 2581 exusta
757 2511 887 2581 Priami
907 2514 1021 2595 domo,
1041 2514 1220 2585 thalamis-

162 2650 240 2718 que
268 2627 442 2719 regiarum
469 2629 658 2697 mulierum
683 2629 826 2720 indigue
845 2628 982 2697 violatis
995 2630 1157 2720 :-quale
1179 2632 1220 2700 il-

163 2740 243 2824 lud,
267 2743 361 2832 quod
387 2744 423 2811 in
449 2743 575 2834 praeliis
603 2743 739 2814 Latinis
765 2744 872 2812 toties
899 2743 1012 2812 voluit
1040 2746 1224 2815 universas.

164 2857 333 2948 extingui
360 2859 492 2938 domos,
515 2867 570 2927 tot
594 2859 740 2927 fratrum
769 2859 900 2927 delevit
925 2859 1106 2928 cohortes!
1148 2860 1219 2927 Ex-

167 2971 289 3062 emplo
307 2973 353 3041 sit
370 2972 499 3042 AEueas
516 2984 661 3065 propter
679 2972 843 3043 Pallanta
860 2975 969 3042 iratus
982 2969 1018 3042 b:

702 3135 829 3189 Sulmone
841 3143 942 3188 creatos

312 3219 435 3278 Quatuor
446 3219 490 3272 hic
498 3221 619 3290 juvenes,
632 3220 742 3274 totidem
757 3237 824 3290 quos
836 3219 930 3273 educat
941 3219 1036 3281 Ufens,

312 3305 438 3359 Viventes
450 3306 528 3375 rapit,
541 3305 646 3360 inferias
660 3324 727 3376 quos
739 3307 858 3359 immolet
870 3306 981 3369 umbris,

313 3389 477 3462 Captivoque
489 3393 548 3462 rogi
560 3392 701 3462 perfundat
714 3393 844 3462 sanguine
856 3393 985 3445 flammas.

171 3528 316 3619 Nempe
332 3529 402 3613 hic,
417 3539 457 3599 ut
475 3554 565 3621 saepe
582 3530 677 3611 alias,
692 3553 815 3621 pamm
833 3539 935 3599 atrox
953 3533 1219 3625 miserandaque

170 3667 224 3714 res
245 3652 300 3713 est
319 3645 391 3713 visa
415 3644 595 3736 Scriptori,
614 3648 649 3713 ni
669 3645 793 3714 fratres
816 3645 932 3725 faciat,
951 3647 1010 3736 qui
1035 3670 1104 3715 uuo
1129 3651 1219 3738 peri-

172 3759 263 3826 erint
280 3758 430 3849 impetu.

221 3869 385 3961 Denique
403 3873 447 3940 ad
466 3872 602 3942 luctum
621 3875 751 3943 eximie
769 3883 852 3943 sunt
865 3896 907 3943 ea
920 3885 1131 3966 comparata,
1144 3878 1219 3966 qui-

172 3983 236 4053 bus
261 3987 454 4076 saepissime
480 4011 618 4058 narrare
646 3989 736 4059 solet
762 3990 988 4057 morientium
1011 4013 1133 4082 genus,
1159 4014 1220 4082 pa-

277 4229 292 4257 ⁸
304 4221 371 4274 AEa.
386 4238 411 4274 a.
424 4236 486 4290 4²7·
852 4222 865 4258 b
878 4223 945 4274 ibid.
962 4240 1002 4279 10.
1016 4237 1077 4294 517.
