2768 4876
169 336 258 379 rann.
271 339 408 382 xxxvnr.
452 320 599 384 incerare
613 345 649 386 ea
664 323 830 408 aliquando
837 327 980 410 picture.
1152 330 1216 398 767

171 489 316 557 minime
350 491 508 573 obscura,
543 514 605 560 cur
639 496 780 565 nomine
815 494 1038 586 appellentur
1071 498 1216 591 singulae

171 604 340 696 regiones.
393 604 497 698 Sapit
530 609 696 677 nimirum
726 632 768 678 ea
802 633 856 679 res
883 634 1032 703 gnarum
1067 636 1107 682 ac
1138 613 1217 683 dili-

170 727 315 809 gentem
341 722 541 813 agn'colam.
594 724 731 794 Verum
758 727 882 816 saepius
906 725 1049 795 additur
1075 750 1214 810 nomen,

169 833 268 904 nulla
285 835 476 906 admodum
495 840 640 920 ratione,
659 840 752 930 quod
771 842 814 910 ad
839 864 913 909 rem
931 841 1080 910 attinet:
1107 843 1214 912 animi
1253 878 1255 883 π

171 959 312 1020 tantum
340 962 378 1021 et
408 955 591 1024 suavitatis
616 978 709 1048 ergo.
763 956 900 1048 Ecquid
926 956 1032 1036 aliud,
1059 958 1216 1041 obsecro,

171 1072 245 1133 erat
268 1065 305 1134 in
325 1088 439 1148 causa,
458 1090 521 1136 cur
540 1069 576 1137 in
602 1092 708 1139 aureo
735 1071 889 1139 carmine
911 1070 956 1138 de
979 1070 1060 1138 vitae
1077 1070 1215 1140 rusticae

171 1177 333 1250 laudibus
367 1181 474 1251 toties
512 1183 714 1252 adhibuerit
748 1186 887 1275 propria
922 1182 1078 1253 locorum
1114 1208 1216 1255 voca-

170 1292 253 1364 bula
267 1295 300 1364 ²?

557 1420 593 1474 At
605 1421 664 1475 latis
677 1422 731 1476 otia
742 1421 842 1485 fundis,

313 1495 460 1572 Speluncae,
473 1506 579 1578 vivique
590 1509 664 1561 lacus
676 1529 682 1561 ι
702 1518 728 1561 at
740 1508 837 1578 frigida
848 1509 946 1578 Tempe,

309 1589 485 1662 Mugitusque
500 1591 593 1656 boum,
606 1595 752 1665 mollesque
765 1594 815 1648 sub
828 1594 922 1649 arbore
934 1595 1021 1648 somni

310 1675 374 1729 Non
387 1676 493 1732 desunt.
506 1717 509 1733 ,
523 1678 582 1732 ..0
595 1679 642 1733 ubi
655 1681 750 1750 campi,

311 1763 508 1833 Sperchiusque,
520 1774 546 1819 et
556 1766 704 1836 virginibus
716 1767 844 1821 bacchata
856 1767 978 1820 Lucanis

310 1848 452 1918 Tu'y'qeta?
471 1849 496 1903 0
509 1852 554 1922 qui
567 1870 610 1904 me
621 1851 715 1922 gelidis
729 1852 779 1906 sub
792 1852 905 1906 vallibus
918 1853 1003 1906 Haemi

309 1935 399 1999 Sistat,
412 1947 438 1990 et
450 1937 552 2008 ingenti
563 1955 698 1993 ramorum
711 1948 832 2009 protegat
845 1939 956 1993 umbra!

170 2057 345 2130 Mirificus
379 2084 462 2132 sane
497 2087 686 2133 concursus
721 2064 878 2134 locorum
913 2063 1090 2133 latissimis
1125 2065 1215 2157 regi÷

169 2172 294 2241 onibus
319 2173 414 2242 inter
439 2198 476 2244 se
502 2177 736 2247 distantium:
763 2201 808 2246 ex
835 2201 905 2268 quo
931 2176 1118 2270 intelligas,
1143 2200 1214 2246 non

167 2288 245 2356 ideo
273 2293 399 2361 adduci
427 2293 580 2374 nomina,
604 2303 644 2361 ut
668 2316 790 2362 eorum
817 2316 884 2383 ope
910 2291 1046 2361 facilius
1073 2314 1215 2382 compo-

165 2416 295 2477 nantur
318 2408 436 2476 omnia
461 2409 497 2476 in
521 2431 626 2477 unam
652 2410 748 2499 quasi
777 2410 972 2499 picturam:
999 2408 1058 2498 qui
1077 2407 1214 2475 fructus

166 2546 236 2592 non
271 2546 349 2592 raro
381 2523 527 2613 capitur,
563 2522 678 2593 allatis
713 2523 878 2592 videlicet
913 2523 1069 2592 locorum
1102 2521 1214 2591 norni-

167 2645 271 2714 nibus
299 2653 376 2713 tum
406 2643 642 2725 familiarium,
673 2658 750 2715 turn
781 2647 1066 2736 propinquorum.
1117 2643 1214 2726 Quid

167 2769 287 2831 autem
320 2759 489 2852 Sperchio
515 2784 597 2830 curn
623 2760 813 2853 Taygetist
851 2761 934 2850 quid
961 2760 1102 2850 utrique
1131 2781 1212 2828 cum

167 2875 323 2945 Haemo?
349 2875 471 2945 Aliam
500 2899 642 2946 necesse
670 2887 724 2945 est
754 2877 811 2946 hic
838 2899 1036 2967 quaeramus
1065 2875 1213 2966 poeticae

165 2992 361 3061 venustatis
379 2992 564 3060 rationem.

214 3105 286 3176 Sed
312 3107 408 3198 prius
430 3107 602 3177 addamus
628 3107 793 3198 exempla
814 3108 883 3175 duo
909 3106 964 3177 vel
987 3107 1065 3176 tria.
1120 3107 1211 3175 Nam

164 3222 336 3293 hactenus
362 3246 442 3313 quae
468 3235 551 3293 sunt
582 3223 688 3306 dicta,
718 3227 910 3292 maximam
938 3231 1087 3314 partem,
1114 3223 1213 3292 velut

166 3337 293 3428 raptim
312 3339 520 3417 transeunti,
538 3361 609 3406 uno
627 3337 701 3406 solo
723 3336 984 3406 concluduntur
1000 3337 1117 3406 verbo.
1146 3337 1212 3405 Est

162 3460 294 3534 autem,
320 3453 381 3520 ubi
412 3454 595 3521 nominum
621 3453 840 3543 propriorum
863 3474 930 3521 usu
955 3452 991 3522 ld
1018 3455 1210 3544 praesertim

163 3567 219 3660 agi
246 3567 395 3647 videtur,
419 3576 461 3635 ut
482 3568 582 3659 justa
608 3568 747 3658 pictura
772 3567 850 3637 loco
868 3576 977 3649 certo,
994 3575 1102 3658 atque
1123 3568 1211 3637 adeo

164 3682 313 3751 veritate
341 3683 504 3773 quadam,
532 3683 693 3751 donetur.
746 3682 828 3765 Qua
857 3683 883 3750 si
913 3682 1057 3763 carebit,
1084 3682 1212 3773 imper-

163 3797 297 3866 fectum
315 3798 382 3865 erit
400 3805 437 3865 et
451 3820 616 3866 mancum
634 3819 721 3887 opus
737 3795 866 3887 alioqui
887 3795 1210 3886 exquisitissimum.

164 3911 277 3983 Verbi
297 3921 451 3981 causan:

307 4044 364 4100 Sub
380 4046 490 4099 OEbulioe
503 4045 611 4100 memini
624 4063 666 4098 me
679 4044 798 4098 turribus
811 4044 879 4107 altis,

230 4226 241 4262 ²
256 4225 349 4292 Georq.
363 4239 388 4276 2.
402 4223 462 4288 468.
861 4232 877 4260 ¹¹
888 4223 955 4276 Ibid.
969 4242 994 4290 4.
1010 4237 1068 4292 125.
