2768 4876
171 345 261 390 rnun.
276 345 367 388 xxrx.
411 321 672 387 Ourisoo'dcotur
685 322 720 386 ἑο
734 321 871 386 mum
883 322 1022 386 ccccm
1152 321 1216 387 605

168 494 266 565 mulo
295 495 406 567 semel
435 519 459 566 a
488 495 588 566 uobis
616 495 752 566 sancita
780 495 825 563 de
852 516 990 571 summu
1017 493 1215 586 Euripidem

169 609 333 682 Poeseos.

218 726 291 797 Sed
317 750 388 818 qua
413 727 558 798 tandem
586 729 617 798 is
643 730 779 798 ratione
808 727 904 809 fecit,
929 735 971 796 ut
1001 728 1216 797 inveteraret

167 841 229 912 illa
251 843 381 934 opinio,
398 853 626 934 prosecutum
652 866 735 913 eum
756 842 862 913 fuisse
888 865 1000 935 genus
1025 865 1130 912 omne
1152 843 1216 912 foe-

166 958 325 1027 mineum
356 957 438 1027 odio
464 959 627 1049 quodam,
658 982 704 1028 ne
730 959 844 1028 dicam
874 959 1020 1028 immuni
1050 958 1214 1030 feritate?

168 1070 302 1157 Primo,
328 1074 406 1165 quis
435 1075 548 1144 nescit
578 1074 720 1166 reperiri
750 1075 787 1143 in
812 1074 967 1166 Tragicis
995 1074 1071 1165 ejus
1100 1074 1215 1146 mults

166 1188 360 1259 Comoediae
379 1212 479 1282 paene
501 1191 674 1282 propiora,
691 1189 818 1281 quibus
835 1190 1061 1282 exagitantur
1077 1190 1214 1260 domes-

168 1305 251 1376 ticae
268 1305 343 1375 vito
366 1305 470 1388 malo,
487 1305 717 1389 sermonibus,
735 1314 776 1375 ut
798 1305 937 1387 ossolet,
960 1304 1211 1396 asperioribus3

167 1418 306 1509 quossi
329 1420 407 1511 quis
432 1442 479 1489 ex
502 1421 536 1490 vi
562 1418 636 1490 solo
656 1420 842 1489 verborum
868 1419 1091 1509 interpretari
1115 1420 1212 1504 velit,

166 1533 266 1603 nullo
293 1532 458 1628 εἰρωνείας,
483 1556 588 1625 quam
615 1543 754 1618 vocant,
781 1535 916 1604 ratione
945 1533 1077 1617 habita,
1103 1557 1156 1604 nae
1183 1537 1213 1605 is

166 1671 291 1740 parurn
316 1671 354 1718 se
380 1650 469 1718 scire
496 1649 666 1718 indicabit
690 1651 728 1718 in
751 1648 933 1719 literarum
958 1648 1213 1741 hominumque

166 1764 388 1834 commercio.
429 1762 541 1836 Verbi
559 1764 672 1858 gratia
692 1770 785 1851 (nam
802 1764 890 1835 libet
907 1765 1115 1847 exscribere,
1131 1788 1212 1856 quae

166 1881 280 1971 prima
309 1879 439 1949 librum
468 1880 647 1950 evolventi
672 1884 874 1971 occurrunt)
900 1879 1112 1949 Hermiones
1137 1879 1212 1951 haec

165 1996 304 2065 suntin
320 1993 571 2066 Andromache
580 1991 600 2065 ¹.
658 2078 661 2085 ¹

341 2154 401 2209 ἄλλ’
415 2154 511 2219 οὔποτ’,
523 2153 621 2219 οὔποτ’,
633 2157 663 2209 οὗ
674 2157 724 2227 γὰρ
737 2156 848 2224 εἰσάπαξ
860 2156 919 2226 ἐρῶ,

340 2240 392 2311 χρὴ
404 2239 464 2296 τούς
474 2263 506 2312 γε
517 2244 577 2295 νοῦν
588 2241 703 2311 ἔχοντος,
715 2239 754 2298 οἷς
765 2242 838 2297 ἔστιν
848 2242 921 2313 γονὴ,

340 2327 407 2396 πρὸς
418 2326 465 2395 τὴν
476 2326 504 2381 ἐν
515 2324 593 2383 οἴκοιο
604 2327 703 2397 ἄλοχον
714 2328 852 2398 ‘luecurtis
863 2327 907 2381 ε’ἃν

341 2415 468 2484 γυναῖκας·
487 2412 561 2468 οὗτοι
572 2414 623 2485 γὰρ
635 2413 788 2470 mneos
800 2418 891 2468 κακῶν.

165 2559 254 2642 Quis
271 2579 343 2628 non
359 2558 528 2652 intelligit
545 2559 717 2650 ejusmodi
734 2559 969 2650 querimonias
986 2581 1030 2628 ex
1050 2559 1136 2651 ejus,
1149 2561 1211 2650 qui

165 2674 257 2744 forte
282 2673 448 2766 loquitur,
474 2675 686 2758 conditione,
712 2676 841 2758 animo,
865 2674 1021 2744 moribus
1046 2675 1210 2745 oestimari

165 2790 318 2861 deberet
368 2789 493 2882 Atque
509 2790 577 2861 hoc
595 2790 667 2861 late
683 2800 793 2883 patet.

214 2913 392 2984 Proetereo
404 2915 534 3002 (dicam
551 2917 646 2985 enim
663 2915 829 2985 audacius
842 2914 937 3006 quod
954 2913 1041 2986 mihi
1059 2915 1095 2984 in
1112 2938 1212 2985 men-

165 3036 239 3099 tem
261 3028 374 3121 venit)
391 3030 474 3120 quid
498 3030 526 3098 si
551 3029 737 3122 Euripides
760 3053 802 3099 ea
827 3029 934 3099 fuerit
958 3029 1086 3110 indole,
1104 3038 1146 3099 ut
1173 3032 1211 3100 in

166 3141 231 3212 hac
250 3144 443 3235 praesertim
466 3166 505 3214 re
530 3143 652 3215 luserit
677 3144 854 3227 libentius,
872 3167 983 3236 eaque
1001 3167 1107 3235 quam
1126 3145 1211 3214 dici-

164 3278 244 3328 mus
273 3280 357 3328 usus
386 3261 433 3329 sit
462 3260 596 3330 ironia?
648 3259 803 3351 Nempe,
828 3267 999 3351 quantum
1031 3283 1097 3352 ego
1127 3284 1210 3331 con-

159 3370 300 3461 jectura
330 3395 531 3465 consequor,
562 3375 630 3443 fuit
664 3373 726 3443 ille
755 3374 937 3443 severioris
967 3375 1048 3442 vitae
1078 3375 1107 3442 si
1137 3396 1208 3444 nou

163 3508 286 3556 amous
306 3497 345 3557 at
365 3511 410 3558 ex
435 3490 554 3558 animo
570 3498 667 3559 certe
691 3488 872 3572 laudator;
899 3490 1028 3581 quippe
1045 3487 1208 3558 alumnus

164 3598 452 3693 philosophorum
470 3605 615 3694 optimae
637 3611 739 3685 notae,
758 3603 984 3697 Anaxagorae
1001 3614 1038 3673 et
1057 3603 1206 3673 Prodici.

165 3713 386 3785 Athleticam
403 3739 554 3808 quoque,
574 3726 616 3787 ut
641 3717 751 3799 siunt,
774 3741 861 3809 puer
886 3740 968 3787 cum
993 3724 1095 3797 esset,
1119 3716 1209 3786 didi·

164 3836 284 3912 cerat3
311 3837 348 3899 et
371 3830 517 3902 fortasse
541 3832 675 3902 habent
703 3833 858 3901 carmina
883 3834 957 3922 ejus
983 3830 1208 3924 significatio·

163 3964 246 4012 nem
263 3944 468 4015 nonnullam
482 3947 654 4038 ejusmodi
671 3947 827 4039 peritiae:
855 3946 953 4015 velut
966 3946 1026 4015 ubi
1039 3946 1207 4017 curiosius

163 4059 370 4150 exsequitur
397 4060 565 4131 ultimum
593 4060 682 4131 illud
707 4061 860 4130 filiorum
883 4061 1067 4154 OEdipodis
1096 4070 1208 4132 certa-

539 4334 549 4374 ¹
560 4349 622 4407 945.
635 4337 668 4391 cf.
681 4336 753 4391 Med.
767 4337 828 4402 408.
