2768 4876
78 345 157 388 xxx.
174 343 242 391 eom
249 322 435 409 prmo,
445 322 570 408 quoad
580 323 733 388 metim
744 321 947 388 moram
958 320 1027 390 oet

78 517 113 566 ue
130 495 307 566 duntaxat
330 493 653 584 admonitnlibere
678 503 867 564 excurrant
888 496 926 563 in
949 516 1025 564 om·

78 617 212 703 partem
235 610 355 692 enimi,
371 631 463 680 neve
483 631 547 700 pro
564 631 602 679 ee
619 610 767 700 quisque
784 608 912 690 eliciat,
929 610 1025 700 quod

78 725 296 796 emissionem
309 725 432 819 erigut,
444 731 507 795 eut
523 745 670 818 segnem
687 724 822 808 inoitet‚
832 732 899 795 ont
914 723 1026 794 ierint

78 861 156 909 rem.

78 951 192 1041 inique
216 959 258 1021 ut
280 952 380 1043 impii
403 951 508 1044 piene
526 958 630 1034 esset,
645 951 826 1044 negligere
841 951 1026 1043 tempesti-

79 1062 127 1134 D.
142 1063 186 1136 Ο,
201 1063 257 1134 Μ.
271 1066 413 1146 donum,
428 1065 478 1134 sio
492 1065 696 1158 arrogantis,
714 1071 752 1134 et
768 1065 889 1155 inepte
906 1065 1026 1134 faven-

78 1179 136 1249 uio
166 1178 307 1259 eaeonio,
334 1178 474 1270 plaeere
503 1179 570 1248 sibi
591 1179 636 1247 ⁸in
665 1177 733 1247 heo
762 1199 811 1259 re,
838 1179 937 1268 quasi
964 1179 1026 1268 qui

78 1313 139 1362 nm
155 1291 247 1361 hano
265 1289 395 1361 Poesin
411 1301 516 1361 acute
531 1292 675 1372 sentiet,
688 1291 719 1360 is
734 1291 888 1383 ingenuo
905 1290 1027 1359 statim

78 1404 171 1486 nsit,
188 1412 226 1474 et
243 1403 331 1487 luto,
339 1406 436 1496 quod
454 1406 563 1485 aiunt,
578 1403 734 1473 meliore.
773 1403 864 1471 Tum
882 1402 1026 1471 demum

78 1517 136 1587 trit
158 1538 273 1615 operte
300 1518 455 1609 pretium
481 1515 737 1608 oontemplanti
764 1514 928 1608 praeeleru
951 1513 1027 1584 heo

78 1655 144 1702 um
177 1639 419 1714 monumenta,
450 1655 532 1702 oum
566 1632 722 1702 revoonri
751 1639 789 1702 te
818 1631 948 1700 senties
981 1629 1027 1698 ab

78 1748 144 1818 bus
160 1769 224 1818 seu
236 1749 365 1818 studiis
382 1748 456 1817 sive
475 1747 636 1840 negotiis,
651 1748 696 1817 ad
714 1770 797 1816 vere
813 1744 875 1815 ilia
889 1769 932 1816 ee
949 1745 1029 1814 vivo

78 1860 202 1930 ardinio
222 1860 388 1943 remedia,
405 1861 533 1953 quibus
559 1861 809 1932 adumbrandie
833 1861 1029 1930 inserviunt

78 1999 87 2044 i
122 1982 202 2050 tum
234 1977 310 2070 ipsa
343 1998 461 2047 rerum
496 1974 648 2058 Natura,
679 1984 758 2047 tum
791 1974 920 2049 enoilln
953 1975 1029 2064 ejuu

78 2112 115 2164 ie.

78 2228 90 2277 e
110 2205 157 2276 de
182 2228 312 2298 genere
328 2206 476 2296 quidem
497 2214 535 2276 et
554 2205 750 2300 originibus
766 2205 939 2297 ejusmodi
957 2227 1031 2274 onr-

78 2342 123 2390 m
136 2320 225 2401 dixi,
244 2327 285 2389 ut
305 2321 427 2411 potui;
452 2322 613 2412 sequitur
629 2329 670 2390 ut
688 2318 834 2413 singulis
851 2341 953 2390 suam
970 2320 1033 2389 tri-

78 2457 135 2506 nus
168 2434 320 2505 laudem.
377 2434 458 2518 Quo
492 2435 588 2505 fecto
620 2433 829 2524 (multorum
860 2436 965 2515 enim,
995 2436 1033 2503 ni

78 2575 96 2633 .·,
114 2572 319 2622 sermonum
344 2551 412 2620 erit
433 2553 535 2643 opus)
552 2550 754 2641 imponetur
779 2550 924 2621 tandem
949 2549 1032 2625 huie

78 2673 196 2741 mento
213 2665 380 2742 clausula.
