2768 4876
164 317 228 386 766
412 317 461 379 Dc
478 314 677 398 Proprioram
693 312 860 374 Nominum
874 311 907 373 oi
917 335 927 372 :
972 331 1069 372 rann.
1082 331 1216 372 xxxvur.

307 484 401 543 Qualis
414 481 486 552 apud
500 480 600 534 Cumas
612 481 687 533 locus
700 487 740 533 est
751 487 923 548 montemque
935 477 1082 539 Vesevum,

307 569 416 640 Oppleti
428 567 520 622 calidis
532 566 579 620 ubi
591 565 696 620 fumant
707 564 827 619 fontibus
840 572 943 618 auctus.

167 694 357 788 Virgilium
381 701 504 761 contra
526 691 663 770 mirere,
681 711 785 779 quam
811 687 928 757 subito
952 686 1099 756 festinet
1125 707 1215 754 sem·

167 835 229 902 per
264 810 308 880 ad
346 808 489 877 nomina
524 805 692 887 locorum,
720 803 818 873 velut
850 803 926 894 ipso
956 802 1212 894 Georgicorum

167 928 319 995 initioP:

310 1051 389 1105 Liber
401 1060 427 1105 et
439 1052 509 1104 ulma
521 1049 610 1112 Ceres,
623 1059 711 1104 vestro
724 1050 746 1102 si
757 1067 867 1103 munere
878 1050 957 1103 tellus

311 1138 452 1192 Chaoniam
464 1137 558 1207 pingui
569 1135 694 1206 glandem
706 1136 819 1190 mutavit
825 1136 913 1198 arista

309 1223 461 1295 Poculaque
473 1223 587 1277 inventis
599 1222 723 1275 Acheloia
735 1223 842 1276 miscuit
854 1222 922 1276 uvis.

169 1330 309 1401 Deinde
327 1338 406 1421 post
423 1328 553 1420 paullo,

310 1456 405 1510 Cultor
417 1474 565 1518 nemorum,
579 1455 623 1509 cui
631 1455 742 1525 pinguia
754 1453 820 1508 Coeoe

309 1543 470 1597 Tercentum
482 1542 553 1595 nivei
565 1541 677 1595 tondent
690 1542 798 1595 dumeta
805 1541 922 1611 juvenci.

172 1659 220 1727 Et

313 1770 373 1841 lpse
387 1787 481 1824 nemus
493 1769 617 1840 linquens
630 1769 755 1839 patrium,
769 1770 905 1839 saltusque
914 1768 1005 1838 Lycei

312 1857 369 1911 Pan
380 1858 472 1911 ovium
483 1864 583 1919 custos,
596 1864 643 1911 tua
652 1857 675 1909 si
686 1855 735 1910 tibi
746 1856 862 1909 Moeualo
874 1873 954 1918 curae,

311 1943 393 1998 Adsis
407 1942 432 1996 0
448 1943 549 2012 Teqeaee
560 1942 661 1997 favens.

174 2059 289 2128 Etiam
325 2080 406 2128 cum
437 2058 479 2127 ad
516 2079 558 2126 ea
588 2065 735 2126 ventum
769 2065 833 2138 est,
860 2080 937 2147 quae
963 2057 1145 2148 pertinent
1174 2057 1216 2125 ad

170 2197 296 2268 greges
316 2185 352 2243 et
369 2196 510 2265 pascua,
531 2173 689 2241 videmus
707 2173 855 2241 eandem
874 2173 1002 2242 servari
1020 2171 1139 2264 legem
1151 2183 1176 2245 q.

313 2304 351 2357 Te
364 2320 478 2375 quoque,
491 2319 589 2372 magna
602 2301 687 2364 Pales,
700 2310 726 2354 et
737 2310 772 2364 te,
785 2301 964 2365 memorande,
977 2319 1114 2367 canemus

314 2390 407 2444 Pastor
419 2389 452 2443 ab
467 2389 626 2458 Amphryso:
646 2405 703 2451 vos,
716 2389 797 2459 sylvae
809 2404 953 2460 amnesque
965 2388 1064 2458 Iaycaei.

222 2503 339 2572 Immo
365 2505 472 2572 etiam
497 2501 641 2570 solenne
666 2503 701 2570 id
727 2501 879 2593 Virgilio
905 2504 1067 2593 primum,
1089 2502 1217 2571 deinde

172 2619 335 2688 omnibus
353 2620 473 2698 ferme,
492 2619 551 2708 qui
576 2626 656 2708 post
674 2641 755 2686 eum
774 2618 1020 2687 laboraverunt
1038 2620 1074 2687 in
1093 2619 1215 2687 eadem

174 2735 324 2805 Poeseos
343 2736 532 2827 provincia,
551 2744 591 2802 ut
617 2734 695 2803 loeo
713 2736 964 2817 communium,
984 2759 1060 2826 quae
1080 2745 1217 2815 vocant,

171 2853 365 2934 nominum,
398 2850 544 2941 propriis
573 2849 781 2941 plerumque
816 2861 852 2919 et
886 2853 1030 2942 privatis
1062 2860 1217 2925 utantur.

173 2967 338 3057 Exempli
356 2967 490 3058 gratia:
518 2963 579 3034 ubi
604 2974 788 3035 narrantur
810 2967 1023 3058 capellarum
1048 2991 1165 3037 mores
1182 2977 1218 3035 et

173 3082 358 3174 ingenia‘:

315 3227 465 3281 Pascuntur
477 3245 539 3281 vero
552 3229 639 3297 sylvas
652 3237 678 3281 et
691 3246 797 3281 summa
804 3228 902 3296 lrycaei,

315 3313 514 3385 Horrentesque
527 3315 617 3377 rubos,
631 3323 656 3368 et
666 3323 783 3368 amantes
796 3314 879 3367 ardua
891 3313 995 3367 dumos,

175 3435 246 3507 Vel
270 3437 328 3505 ubi
360 3438 463 3505 docet
494 3437 649 3506 notanda
678 3460 752 3506 esse
783 3437 916 3514 sedulo,
945 3438 971 3505 si
1000 3439 1084 3528 quid
1113 3438 1218 3520 aliud,

175 3550 330 3620 locorum
346 3562 357 3594 ⁸
376 3553 598 3622 discrimina:

317 3696 406 3754 Quare
418 3697 487 3766 agite
501 3696 525 3750 O
539 3697 660 3766 proprios
672 3698 817 3768 generatim
830 3698 921 3752 discite
934 3700 1031 3761 cultus,

316 3783 456 3852 Agricolae,
470 3783 625 3854 fructusque
637 3784 706 3836 ieros
720 3786 818 3837 mollite
831 3785 956 3847 colend03

317 3869 379 3922 Neu
392 3887 486 3940 segnes
496 3871 599 3940 jaceant
612 3879 706 3934 terrae;
723 3871 798 3941 juvat
812 3872 912 3924 Ismaro
926 3872 1034 3926 Baccho

319 3955 472 4019 Conserere,
486 3966 564 4027 atque
577 3959 634 4011 oleo
647 3976 775 4028 magnum
788 3959 882 4012 vestire
898 3959 1050 4012 Taburnum.

228 4075 296 4146 His
331 4088 450 4147 tamen
490 4081 645 4149 versibus
680 4083 780 4163 inest,
817 4083 939 4164 fateor,
975 4086 1077 4168 ratio,
1113 4108 1221 4178 eaque

213 4274 410 4346 PGeor9.r.7.
483 4278 653 4347 srbtd.3.1.
726 4280 929 4350 rlbiul.3.314.
1003 4283 1093 4335 slbiol.
1109 4300 1133 4336 2.
1147 4300 1189 4354 35.
