2768 4876
164 339 356 379 ramuxxrv.
370 315 530 380 Pindarus
544 319 674 380 Homero
684 327 711 381 ct
720 317 866 400 AEsohylo
877 321 1136 384 annumerandus.
1152 324 1216 391 479

165 497 330 578 terquam
351 466 529 579 tempolis,
547 489 598 557 illi
620 489 748 558 saeculo
765 491 895 580 apponi
914 489 1060 560 debeat:
1088 492 1218 582 quippe

167 605 310 674 deditus
336 603 569 695 philosophiae
596 605 736 673 cuidam
765 626 845 686 suae,
872 605 929 674 vel
958 606 1077 695 potius
1103 607 1217 675 dicam

168 721 320 811 pietati:
356 729 393 789 et
422 721 460 787 in
490 743 545 789 res
578 729 696 812 gestas
730 743 853 812 regum
885 720 1086 811 ducumque
1115 732 1152 790 et
1182 724 1219 791 in

168 835 286 903 tristia
319 835 413 903 bella
446 835 621 904 duntaxat
658 837 703 904 ad
738 835 775 904 id
810 836 980 916 intentus,
1015 845 1056 904 ut
1090 837 1219 906 haheat

170 950 265 1017 unde
291 958 488 1018 monstrare
512 951 621 1039 possit
640 948 805 1018 Fortunae
826 949 923 1018 lusus
945 959 981 1018 et
1003 951 1120 1019 inania
1138 965 1221 1021 vota

169 1063 366 1132 hominum.
418 1062 638 1131 Crediderim
664 1072 786 1131 autem
811 1086 893 1131 eum
917 1063 1045 1132 fabulis
1072 1063 1221 1134 heroicis

171 1201 247 1248 sese
271 1179 448 1248 addixisse
466 1179 512 1248 ob
530 1201 606 1248 eam
633 1179 790 1247 maxime
808 1201 959 1260 causans,
979 1179 1073 1268 quod
1100 1203 1218 1248 earum

171 1317 238 1384 ope
266 1295 433 1385 conjungi
460 1293 671 1362 videbantur
697 1315 753 1362 res
779 1294 908 1362 divinae
937 1316 1018 1361 cum
1047 1291 1220 1375 humanis

172 1409 215 1476 de
242 1407 327 1476 caelo
354 1409 390 1476 in
417 1417 526 1476 terras
553 1408 689 1476 facilior
714 1407 831 1476 aditus
857 1407 1015 1498 patebat.
1068 1406 1222 1477 Accedit

171 1525 266 1614 quod
292 1525 435 1591 omnino
462 1523 569 1613 quaeri
598 1523 787 1591 debuerint
811 1546 865 1591 res
889 1521 993 1612 paulo
1017 1523 1223 1592 remotiores

171 1639 216 1707 ab
242 1639 318 1728 ipsa
343 1639 528 1708 scribentis
553 1647 682 1708 aetate:
709 1636 797 1705 nihil
823 1647 944 1706 autem
970 1639 1059 1706 adeo
1085 1647 1160 1706 erat
1186 1640 1223 1706 in

172 1767 350 1844 promptu,
368 1777 474 1844 quam
501 1752 645 1822 annales
667 1762 705 1820 ct
726 1761 958 1821 monumenta
982 1751 1141 1833 heroum,
1158 1753 1224 1820 im-

173 1869 287 1937 mistis
305 1869 413 1937 etiam
432 1867 670 1959 religionibus.
720 1866 777 1935 De
796 1866 1068 1935 Homericorum
1088 1869 1222 1936 ratione

174 1985 257 2052 satis
281 2005 457 2074 superque
475 1983 731 2074 disputavimus
749 2005 812 2051 suo
830 1982 908 2051 loco
923 2003 932 2050 ε
958 1982 1071 2050 teneri
1095 2004 1223 2072 nempe

174 2121 352 2167 summum
368 2097 517 2167 Poetam
535 2097 628 2185 πόθῳ
643 2098 795 2187 quodam
813 2097 981 2187 temporis
998 2119 1119 2165 recens
1136 2099 1221 2180 acti;

174 2212 294 2302 itaque
311 2212 378 2280 sibi
396 2212 592 2281 remedium
616 2235 680 2303 per
697 2212 881 2302 splendida
898 2211 959 2280 illa
976 2212 1111 2280 somnia
1128 2235 1224 2302 quae-

175 2326 306 2396 sivisse.

231 2441 317 2510 Jam
345 2464 429 2510 vero
460 2441 602 2511 Pindari
634 2444 745 2512 nostri
777 2465 893 2520 causa,
925 2450 1097 2530 quantum
1128 2443 1225 2531 equi-

175 2556 257 2626 dem
292 2558 496 2648 conjectura
528 2581 691 2649 auguror,
721 2557 880 2648 paullum
913 2557 959 2626 ab
993 2568 1143 2648 utroque
1163 2558 1226 2624 di-

176 2693 276 2742 versa
301 2673 379 2741 erit.
395 2710 400 2719 ·
433 2673 519 2741 Non
537 2675 631 2742 enim
655 2672 707 2740 illi
726 2674 811 2754 viro,
829 2681 871 2742 ut
888 2672 1064 2764 AEschylo,
1082 2673 1225 2741 sordent

176 2787 296 2855 omnia
319 2810 396 2877 quae
421 2789 580 2858 sensibus
606 2789 703 2856 cerni
728 2797 883 2879 possunt,
909 2811 983 2878 prae
1005 2788 1226 2880 cogitationi-

175 2901 242 2970 bus
268 2902 403 2970 arcanis
430 2911 467 2970 et
492 2903 740 2972 sacrosanctis:
770 2926 885 2992 neque
910 2904 951 2984 is,
973 2912 1014 2971 ut
1036 2901 1225 2984 Homerus
1290 2893 1304 2912 ⁴

176 3017 257 3085 vitae
278 3015 420 3085 functos
443 3019 614 3086 amatoria
631 3018 782 3108 quadam
800 3017 971 3085 moestitia
994 3015 1225 3107 prosequitur.

177 3129 317 3201 Verum
334 3131 385 3200 ita
402 3132 513 3201 ferme
530 3134 662 3215 senti03
686 3132 918 3222 contemplari
935 3130 1127 3199 Pindarum
1144 3153 1225 3198 cum

171 3245 328 3337 simplici
346 3245 529 3338 voluptate
547 3246 711 3336 reliquias
729 3255 766 3315 et
782 3254 1015 3314 monumenta
1030 3245 1124 3313 illius
1143 3246 1226 3326 aevi;

176 3359 256 3450 oapi
283 3381 366 3427 cum
394 3361 573 3428 memoriae
604 3359 857 3450 splendoribus,
884 3368 1026 3449 stupere
1050 3359 1088 3426 in
1114 3359 1227 3426 titulis

177 3483 215 3543 et
235 3475 460 3566 imaginibus,
478 3474 648 3543 delectari
667 3475 765 3543 velut
789 3497 894 3543 scena
911 3483 949 3542 et
966 3474 1100 3542 umbris
1120 3496 1228 3541 anno-

177 3610 257 3656 rum
280 3589 551 3678 praeteritorum.
608 3587 669 3656 Ne
693 3589 827 3658 multa:
863 3590 1008 3680 perinde
1032 3611 1069 3657 se
1094 3587 1228 3656 habent

179 3701 367 3771 Pindarica
392 3702 436 3772 ad
460 3711 602 3772 aetatem
628 3703 726 3772 illam
749 3726 855 3794 quam
882 3705 1011 3772 cecinit
1038 3703 1227 3784 Homerus,

178 3826 288 3908 atque
304 3818 349 3886 ad
369 3816 484 3887 Medii
503 3817 612 3908 (quod
630 3818 824 3909 appellant)
843 3816 928 3886 AEvi
953 3816 1121 3887 miracula
1139 3815 1229 3885 Poc-

179 3933 225 4002 sis
254 3931 317 4002 illa
344 3956 422 4024 quae
452 3934 565 4025 viguit
595 3932 650 4002 his
680 3934 893 4025 regionibus,
924 3934 1030 4002 tertio
1058 3939 1228 4023 quartove
1300 3941 1302 3945 ’

178 4047 309 4117 abhinc
330 4047 469 4117 sseoulo.
523 4047 722 4141 Permagna
739 4048 904 4118 videlicet
922 4071 964 4118 eo
982 4058 1142 4137 tempore
1160 4048 1228 4117 fuit

179 4164 309 4254 opinio,
326 4186 398 4232 non
417 4162 512 4255 vulgi
536 4163 650 4232 solum
675 4165 736 4233 sed
761 4173 799 4233 et
820 4164 1015 4232 multorum
1036 4163 1081 4231 de
1102 4164 1229 4254 prima-
