2768 4876
163 316 226 382 702
361 310 502 376 moreio
517 308 601 374 dolor
615 330 710 387 carue,
725 307 962 391 ommytjona,
1008 327 1105 372 rana.
1120 332 1216 375 xxxv.

163 479 285 568 Atque
302 477 410 545 etiam
429 475 497 544 alio
515 476 552 543 in
571 475 648 544 loco
661 471 698 545 ¹¹:

304 603 408 657 Deinde
420 604 501 657 animi
513 603 645 674 ingratam
657 613 779 658 naturam
792 620 898 673 pascere
911 617 1023 674 semper,

302 691 390 760 Atque
403 692 507 759 explere
519 690 597 744 bonis
609 689 698 753 rebus,
712 690 858 760 satiareque
870 677 1019 760 nunquam,

304 775 386 835 Quod
398 777 499 829 iaciunt
512 775 589 829 nobis
602 793 732 829 annorum
745 784 873 845 tempora,
886 776 987 829 circum

304 861 374 914 Cum
386 861 507 923 redeunt,
520 861 652 932 foetusque
664 861 762 923 ierunt,
774 863 915 931 variosque
926 862 1040 930 lepores,

302 948 359 1000 Nec
371 956 459 1001 tamen
473 949 610 1017 explemur
621 947 684 1001 vitai
696 947 828 1001 fructibus
840 965 959 1018 unquam
972 967 978 999 :

304 1034 373 1097 Hoc,
385 1042 416 1087 ut
429 1034 533 1103 opinor,
545 1033 572 1087 id
586 1042 635 1096 est,
649 1051 706 1088 aevo
719 1033 829 1087 florente
841 1034 941 1102 puellas

304 1119 386 1179 Quod
397 1129 554 1182 memorant,
567 1121 671 1174 laticem
684 1127 824 1189 pertusum
836 1135 978 1187 congerere
988 1118 1017 1170 in
1030 1135 1087 1180 ras,

304 1205 387 1265 Quod
397 1215 487 1261 tamen
499 1207 598 1276 expleri
610 1207 684 1260 nulla
696 1205 797 1259 ratione
810 1212 938 1274 potestur.

214 1328 270 1398 En
289 1351 388 1398 veras
405 1329 471 1398 tibi
489 1351 593 1399 voces
614 1337 651 1398 et
672 1351 717 1399 ex
743 1329 815 1423 imo
836 1334 981 1418 pectore
1006 1325 1214 1395 manantes!

164 1444 298 1514 Contra
323 1454 453 1526 autern,
473 1444 640 1536 frigidum
663 1443 794 1534 aliquid
822 1450 859 1512 et
884 1443 989 1510 inane
1014 1464 1086 1509 non
1108 1440 1215 1510 dubie

163 1565 300 1638 sonant,
319 1580 399 1648 quae
416 1557 524 1628 habet
541 1558 636 1627 idem
654 1556 796 1648 alioqui,
814 1555 929 1626 solatii
947 1578 1062 1626 causa.
1110 1555 1216 1648 Cogi·

164 1673 247 1742 tetis
273 1674 380 1741 modo
406 1671 594 1742 formulam
621 1670 729 1752 illam,
753 1672 882 1763 saepius
907 1673 1108 1763 repetitam,
1135 1680 1215 1763 post

163 1789 290 1857 acerba
306 1789 343 1856 in
360 1788 548 1881 religiones
565 1789 724 1857 omnium
741 1789 890 1880 probra:

306 1923 388 1977 Hunc
400 1923 482 1994 igitur
494 1931 621 1978 terrorem
633 1924 724 1988 animi,
737 1923 912 1995 tenebrasque
924 1941 1031 1978 necesse
1043 1933 1084 1978 est

305 2007 369 2062 Non
381 2008 447 2063 radii
461 2008 540 2073 Solis,
552 2027 638 2081 neque
650 2010 739 2064 lucida
749 2011 801 2064 tela
814 2010 865 2064 diei

305 2095 467 2159 Discutiunt,
480 2095 527 2149 sed
539 2104 641 2150 naturae
655 2096 764 2165 species,
776 2097 904 2168 ratioque.

166 2203 296 2273 Gravia
322 2225 405 2272 sane
434 2204 615 2293 promissa,
640 2226 769 2297 magna
800 2204 1041 2296 exspectatio:
1076 2203 1138 2272 sed
1164 2203 1212 2270 vi·

165 2319 259 2401 dete,
284 2341 356 2400 oro,
382 2325 562 2387 eventum.
614 2317 730 2389 Docet
757 2319 902 2400 scilicet,
930 2319 1005 2388 fore
1031 2328 1149 2387 metus
1177 2326 1213 2386 et

166 2434 291 2503 erroris
307 2435 518 2526 perfugium,
530 2435 638 2528 siquis
655 2444 880 2527 perspectum
898 2434 1028 2504 habeat
1046 2458 1087 2504 ac
1104 2433 1213 2527 probe

165 2551 358 2641 cognitum,
378 2546 455 2619 vell-

306 2685 333 2738 N
334 2685 416 2738 ullam
428 2703 484 2739 rem
496 2703 510 2738 e
523 2685 606 2738 nihilo
618 2686 693 2759 gigni
706 2685 834 2740 divinitus
846 2704 974 2758 unquam,

166 2757 221 2824 vel
233 2767 258 2799 ¹¹¹

305 2853 434 2906 Animum
447 2871 504 2906 esse
516 2853 632 2906 hominis
645 2863 755 2922 partem,
764 2854 847 2907 nihilo
859 2855 958 2918 minus,
969 2873 999 2907 ac
1011 2873 1108 2908 manus
1122 2865 1147 2908 et
1160 2874 1213 2926 pes,

305 2938 393 3009 Atque
406 2939 475 2991 oculi
488 2949 574 3007 partes
586 2938 730 2997 animantia
740 2940 822 2992 totius
835 2947 940 3002 extant;

167 3043 222 3112 vel
241 3046 392 3134 denique
403 3055 429 3125 ¹¹,
469 3094 475 3103 „

479 3156 541 3213 Quo
554 3166 630 3210 motu
641 3157 765 3226 genitalia
779 3158 897 3210 materiai

306 3236 425 3306 Corpora
437 3255 478 3290 res
492 3237 575 3291 varias
588 3240 709 3308 gignant,
722 3239 877 3310 genitasque
889 3240 1031 3302 resolvant,

306 3323 341 3376 Et
353 3341 406 3394 qua
418 3324 444 3376 vi
455 3324 540 3377 iacere
553 3324 578 3376 id
593 3334 731 3394 cogantur,
745 3343 837 3396 quaeve
850 3326 884 3378 sit
897 3326 955 3378 ollis

307 3408 420 3462 Reddita
431 3410 564 3463 mobilitas
577 3429 706 3480 magnum
718 3429 765 3480 per
776 3413 854 3465 inane
866 3411 982 3465 meandi.
1042 3457 1044 3461 ,

166 3531 340 3602 Praeclara
367 3532 501 3601 scilicet
527 3535 724 3602 animorum
749 3533 1213 3615 curati0,seutumult11an-

166 3649 254 3715 tium
274 3648 346 3715 sive
373 3645 627 3739 languentium,
647 3659 685 3717 ut
705 3650 821 3718 nescio
840 3671 927 3743 quos
945 3647 1099 3717 calculos
1117 3649 1212 3716 adhi-

165 3762 272 3831 beant
298 3763 382 3831 ludo
409 3765 548 3832 cuidam
575 3764 778 3832 informium
805 3774 1016 3847 atomorum,
1035 3773 1073 3832 et
1097 3763 1213 3855 physi-

165 3899 286 3947 corum
304 3879 461 3948 ediscant
478 3879 711 3948 ratiunculas!

217 3994 370 4062 Proinde
391 4016 433 4062 ea
449 3996 547 4083 quasi
574 3993 697 4063 solatia
715 3996 853 4084 quoties
879 3992 1049 4062 allaturus
1067 4002 1122 4061 est
1142 3991 1213 4060 Lu-

165 4111 304 4187 cretius,
327 4110 453 4177 mirum
472 4132 575 4199 quam
596 4108 698 4189 exile,
718 4131 824 4198 quarn
847 4109 984 4176 aridum
1008 4108 1071 4176 liat
1095 4108 1212 4175 subito

200 4312 215 4348 k
235 4311 352 4380 Luc1.3.
369 4311 443 4364 1016.
569 4311 576 4347 ¹
592 4329 613 4364 1.
631 4324 688 4378 151.
814 4319 836 4346 ¹¹¹
849 4326 874 4378 3·
889 4328 932 4378 94·
1058 4318 1074 4345 “
1088 4326 1112 4361 a.
1127 4309 1168 4361 61.
