2768 4876
166 358 258 400 rann.
271 359 406 400 xxxvnr.
438 337 567 402 Patrios
581 337 656 401 locos
670 337 704 399 in
717 334 867 400 similibus
881 335 1018 398 laudari.
1152 334 1216 399 773

166 511 376 578 commentis
401 510 472 580 suis
496 517 709 579 ornaverunt
732 515 879 576 veteres.
932 506 1124 575 Eridanum
1152 528 1215 574 cur

166 626 301 695 caeteris
323 626 528 717 praetulerit,
547 649 616 695 non
635 625 750 705 video,
768 626 805 692 ni
824 624 932 693 fuerit
949 631 1092 714 propter
1111 622 1216 691 Man-

166 750 235 810 tuae
254 765 325 812 suae
344 743 529 812 viciniam:
556 743 614 812 cui
635 742 765 833 oppido
785 740 925 831 propior
942 737 1021 808 fluit
1041 738 1214 808 Eridanus

165 857 242 927 aliis
276 860 449 941 omnibus,
485 866 637 950 excepto
673 857 835 926 Mincio:
881 854 1057 923 Mincium
1093 863 1214 922 autem

166 972 297 1043 nullius
322 976 498 1066 praecipue
525 973 774 1066 Nympharum
802 970 1009 1039 Heroumve
1035 969 1214 1037 memoriae

167 1090 370 1159 dicaverant
386 1089 539 1159 annales.

217 1204 352 1276 Eadem
366 1207 477 1275 ferme
494 1227 599 1275 causa
612 1213 697 1286 erat,
710 1204 842 1295 opinor,
855 1227 918 1272 cur
930 1203 1079 1272 AEneam
1098 1202 1214 1270 denuo

165 1329 420 1412 assurgentem,
456 1320 655 1410 ultimoque
693 1321 769 1410 Jam
803 1319 988 1393 certamini
1027 1319 1216 1396 intentum,

166 1437 330 1527 componi
349 1436 500 1505 voluerit
517 1460 585 1505 non
606 1458 686 1505 cum
705 1435 828 1527 quovis
847 1436 1035 1516 montium,
1054 1433 1114 1503 sed
1134 1455 1214 1502 cum

165 1571 218 1629 eo,
238 1571 343 1640 quem
362 1550 447 1639 ipse,
466 1571 554 1640 puer
570 1571 649 1618 cum
670 1556 774 1629 esset,
792 1548 926 1638 optime
944 1551 1156 1638 cognoverat
1170 1552 1194 1610 θ.

310 1682 435 1741 Quantus
448 1683 544 1745 Athos,
557 1691 603 1736 aut
616 1691 732 1754 quantus
746 1682 828 1753 Eryx,
838 1690 884 1735 aut
896 1684 962 1750 ipse,
975 1681 1093 1736 coruscis

309 1767 380 1822 Cum
389 1769 477 1822 fremit
488 1767 593 1822 ilicibus
607 1777 733 1840 quantus,
746 1768 896 1839 gaudetque
909 1769 989 1822 nivali
1084 1812 1088 1819 .

309 1856 413 1910 Vertice
426 1874 454 1910 se
467 1857 588 1909 attollens
601 1866 675 1926 pater
687 1856 848 1926 Apenninus
861 1855 894 1910 ad
907 1873 994 1909 auras.

167 1971 397 2053 Crediderim,
427 1972 581 2065 Virgilio
611 1971 748 2042 lubenti
779 1995 820 2041 ac
853 1971 934 2040 laeto
968 1970 1147 2050 accidisse,
1175 1977 1217 2038 ut

166 2110 244 2177 quae
269 2088 358 2181 juga
385 2096 440 2157 tot
466 2089 566 2158 annis
592 2112 637 2158 ex
664 2087 779 2181 agello
805 2111 868 2158 suo
896 2088 1072 2177 domoque
1099 2086 1218 2155 nativa

167 2204 607 2294 prospexerat—obscura
637 2204 721 2274 satis
752 2212 789 2274 et
820 2203 1020 2296 longinqua,
1048 2203 1109 2272 sed
1140 2224 1218 2292 pro-

167 2328 333 2410 spexerat
345 2321 651 2403 tamen-eadem
665 2321 814 2410 posteris
832 2321 997 2399 traderet,
1016 2328 1120 2388 tanto
1138 2340 1219 2386 cum

168 2434 313 2504 honore.

218 2550 289 2619 Sed
315 2552 360 2620 ad
384 2550 508 2621 fluvios
533 2551 658 2642 saepius
684 2552 797 2634 redit;
832 2560 873 2620 ut
898 2559 973 2620 erat
1003 2551 1215 2643 liquidarum

166 2687 348 2756 aquarum,
366 2666 474 2755 siquis
492 2666 591 2747 alius,
610 2676 748 2737 amator
764 2690 805 2737 ac
823 2666 986 2737 laudator
996 2663 1016 2735 s.

311 2799 410 2858 Quales
420 2800 505 2864 airiae‚
518 2800 646 2873 liquentia
657 2802 769 2856 flumina
782 2803 892 2866 circum,

282 2959 286 2965 ἡ
311 2886 372 2939 Sive
384 2885 452 2939 Pudi
464 2887 540 2956 ripis,
554 2888 662 2941 Athesin
674 2907 718 2942 seu
725 2895 836 2958 propter
848 2906 980 2951 amanum,

310 2971 487 3043 Consurgunt
499 2975 612 3044 geminae
625 2993 740 3046 quercus
755 3016 778 3030 ..
791 3016 814 3030 ..

169 3087 313 3158 Videtis
330 3087 414 3178 quid
439 3087 504 3156 sibi
530 3087 642 3158 velint
667 3088 824 3158 amnium
844 3091 996 3169 nomina,
1023 3088 1219 3180 praesertim

169 3202 388 3285 uicinorum
415 3204 458 3272 ad
479 3203 748 3273 similitudinem
770 3205 867 3274 enim
886 3205 978 3294 qnod
1001 3205 1140 3284 attinet,
1160 3227 1221 3295 pa-

170 3319 256 3388 riter
273 3319 497 3410 quadrabunt
515 3319 644 3402 omnia,
661 3318 716 3388 his
733 3319 880 3388 omissis.

220 3433 344 3525 Atque
369 3445 410 3503 ut
437 3434 546 3504 semel
564 3437 609 3505 ad
628 3435 805 3504 Mincium
832 3435 1036 3517 redeamus,
1063 3435 1220 3503 animad-

170 3549 312 3633 vertite,
339 3572 466 3640 quaeso,
493 3573 537 3619 an
563 3550 668 3620 solito
697 3551 809 3643 magis
839 3549 1003 3618 exultent
1033 3573 1074 3620 ac
1101 3572 1221 3640 super-

170 3666 269 3733 biant
288 3664 476 3758 Virgiliani
503 3688 632 3746 versus,
651 3666 712 3734 ubi
737 3664 877 3734 illorum
904 3665 945 3733 fit
968 3666 1113 3746 mentio,
1132 3689 1219 3755 qnos

168 3789 294 3850 contra
312 3780 535 3850 Mezentium
555 3783 651 3850 misit
671 3781 869 3850 Mantuassz

313 3925 389 3983 Quos
402 3934 475 3994 patre
488 3926 602 3989 Benaco,
616 3927 717 3978 velatus
730 3925 859 3979 arundine
872 3928 974 3995 glauca,

242 4071 249 4085 ,
313 4010 431 4064 Mincius
444 4012 538 4066 infesta
551 4012 664 4066 ducebat
676 4012 704 4065 in
716 4029 823 4082 aequora
835 4013 910 4081 pinu.

188 4156 200 4185 ι·
222 4130 389 4201 Proxima
406 4133 450 4201 ab
468 4133 522 4202 his
545 4141 580 4202 et
603 4133 731 4203 affectu
758 4142 795 4203 et
821 4133 1059 4225 pulcritudine
1078 4133 1221 4200 venient

242 4346 335 4400 eAin.
352 4363 392 4400 12.
407 4362 466 4418 70¹·
586 4349 674 4404 flbid.
688 4369 712 4421 9.
727 4352 787 4422 ⁶79·
924 4349 1018 4402 aldid.
1035 4365 1075 4402 10.
1090 4363 1149 4416 205.
