2768 4876
172 309 236 369 522
368 307 533 384 Pindarus,
541 311 657 392 florum
665 309 844 392 praesertim
859 317 986 371 amator.
1026 326 1222 368 ennuxxvt.

229 473 299 543 Sed
334 475 378 542 de
409 495 451 541 ea
485 473 715 542 similitudine
749 474 912 555 viderint,
942 471 1070 564 quibus
1105 472 1221 541 istius-

174 589 267 658 modi
287 588 383 657 lusus
401 588 589 680 placuerit:
614 589 745 658 eximie
762 600 859 658 certe
873 611 954 658 curn
972 611 1014 656 ea
1031 588 1219 656 convenire

173 704 321 773 dixerim
352 703 519 794 plurimas
550 703 749 775 Pindaricae
779 704 906 774 indolis
936 702 1217 796 significationes,

172 819 311 909 quibus,
341 828 381 887 ut
408 817 549 900 assolet,
576 819 740 887 conditur
769 818 957 910 aliquando
982 817 1133 887 materia
1158 815 1219 885 illa

170 935 390 1027 gymnastico
413 956 453 1002 ac
479 932 687 1024 palaestrica.
740 933 911 1016 Primum,
933 934 1027 1024 quod
1056 934 1093 1001 in
1121 934 1217 1002 verni

171 1051 340 1142 temporis
370 1049 492 1118 laudes
523 1050 573 1133 (id
602 1051 695 1138 quod
723 1049 888 1140 exemplo
912 1049 988 1141 jam
1017 1049 1217 1138 docuimus)

170 1164 323 1234 libenter
352 1165 516 1245 excurrit,
544 1187 650 1255 seque
680 1166 768 1234 adeo
794 1165 920 1234 florum
948 1174 1144 1234 amatorem
1172 1185 1216 1232 ex

170 1282 287 1349 animo
319 1282 448 1370 saepius
485 1282 680 1372 profitetur.
738 1280 881 1371 Nempe
912 1280 973 1349 ubi
1006 1278 1216 1349 celebranda

170 1408 253 1464 suut
281 1419 363 1464 arva
394 1396 509 1475 beata,
540 1395 813 1465 Fortunatorum
841 1394 978 1475 insulae,
1006 1393 1094 1462 nihil
1121 1394 1215 1484 prius

170 1512 200 1578 ei
229 1512 263 1578 in
292 1518 449 1579 mentem
480 1512 585 1592 venit,
612 1535 717 1602 quarn
745 1510 875 1581 humus
900 1510 1044 1580 floribus
1070 1509 1214 1590 consita,

169 1628 326 1718 ramique
345 1626 611 1696 versicoloribus
625 1628 885 1717 quodammodo
904 1627 1061 1696 distincti
1079 1621 1213 1695 sertisl.

281 1761 377 1830 ἄνθεμα
389 1762 417 1814 δὲ
429 1765 532 1832 χρυσοῦ
544 1761 640 1832 φλέγει

280 1851 312 1904 τὰ
323 1850 370 1918 ρὲν
380 1849 510 1918 χερσόθεν
521 1848 563 1903 ἀπ’
577 1849 681 1920 ἆγλάων
693 1849 826 1920 δενδρέων,
839 1848 907 1919 ὕδωρ
920 1849 942 1903 d’
955 1849 1026 1903 ἀλλὰ
1038 1846 1143 1918 φέρβει·

279 1937 385 2005 ὅρμοισι
397 1942 448 1990 τῶν
459 1936 538 2006 χέρας
549 1936 717 1990 ἀναπλέκοντι
730 1938 771 1990 καὶ
784 1938 907 2006 κεφαλάς.

168 2060 260 2129 Fieri
278 2071 408 2152 potest,
423 2071 463 2130 ut
481 2063 572 2130 forte
590 2062 741 2152 quadam
759 2061 911 2131 audierit
931 2060 1114 2144 Pindarus
1133 2085 1213 2132 cum

167 2177 326 2246 dicerent
351 2178 526 2269 peregrini
552 2176 714 2246 homines
734 2178 778 2246 de
804 2177 893 2245 mira
918 2176 1214 2268 splendidissimo-

166 2315 244 2359 rum
276 2293 402 2361 florum
435 2294 615 2375 varietate,
644 2316 713 2383 qua
743 2294 904 2362 novimus
935 2295 1049 2362 omari
1079 2302 1214 2363 tractus

167 2408 388 2489 meridianos,
411 2408 541 2498 quippe
567 2407 631 2476 soli
657 2407 771 2476 multo
795 2408 995 2498 propiorest
1021 2409 1213 2499 praesertim

167 2545 246 2591 cum
273 2524 348 2613 ejus
369 2531 528 2613 tempore
553 2524 671 2615 vigere
696 2524 866 2614 coeperint
884 2524 959 2613 jam
981 2523 1111 2591 iterum
1135 2532 1214 2613 post

93 2666 97 2671 ·
167 2638 293 2707 saecula
316 2638 457 2706 heroica
482 2638 595 2730 longae
621 2638 689 2707 illae
715 2638 966 2730 navigationes,
984 2660 1114 2730 magno
1131 2661 1213 2707 cum

166 2752 322 2844 periculo
347 2751 459 2820 laudis
477 2775 560 2845 ergo
579 2762 769 2843 susceptae:
797 2775 945 2844 quarum
963 2762 1130 2842 quantam
1153 2753 1213 2822 ille

166 2871 338 2939 rationem
365 2867 537 2949 habuerit,
559 2877 736 2937 testantur
761 2879 838 2936 tum
865 2868 986 2945 laudes
1009 2869 1135 2959 saepius
1160 2892 1214 2938 re-

166 2986 286 3074 petitae
321 2983 487 3052 Herculis
521 2993 558 3052 et
593 2984 835 3052 columnarum
872 2984 957 3074 ejus,
989 2993 1066 3051 tum
1098 2982 1214 3077 Argo-

166 3100 308 3168 nautica
337 3099 406 3179 illa,
434 3098 714 3190 splendidissime
746 3108 948 3189 comparata
976 3098 1012 3165 in
1042 3097 1212 3168 honorem

166 3236 299 3293 eorum,
318 3215 377 3303 qui
404 3215 588 3281 maritimae
613 3211 736 3304 gloriae
758 3214 844 3281 daut
867 3235 1019 3304 operam.
1071 3212 1125 3282 Ut
1145 3212 1215 3282 alia

165 3327 347 3418 complura
365 3328 540 3408 omittam,
558 3350 601 3396 eo
619 3330 825 3419 spectantia.

216 3442 351 3512 Rursus
376 3443 420 3510 de
444 3443 597 3523 floribus,
616 3445 812 3545 praeseptim
835 3444 960 3522 vernis,
977 3467 1107 3536 magna
1129 3467 1213 3514 cum

167 3558 350 3650 voluptate
368 3560 585 3649 cogitantem
607 3559 787 3640 habemus,
808 3559 1009 3629 dulcissima
1024 3559 1087 3628 illa
1104 3560 1214 3630 histo-

165 3674 251 3743 riola
273 3676 317 3743 de
344 3682 424 3741 ortu
448 3675 555 3743 lami:
585 3698 690 3764 quem
718 3686 835 3744 narrat
861 3685 1017 3744 amatre
1042 3676 1077 3743 iu
1106 3675 1216 3767 sylvis

165 3788 329 3858 relictum
348 3789 491 3858 latuisse
509 3791 600 3881 regis
618 3790 854 3879 speculatores
865 3786 885 3857 ¹.

622 3935 681 3987 ἀλλ’
695 3935 722 3989 έν

340 4017 465 4088 κέκρυπτο
477 4020 528 4089 γὰρ
541 4021 649 4088 σχοίνω,
661 4023 738 4090 βοείᾳ
751 4022 772 4075 τ’
786 4023 813 4076 έν
824 4025 952 4095 ἀπειράτῳ

306 4207 315 4236 l
332 4209 373 4261 Ol.
389 4226 412 4261 2.
431 4228 487 4278 130.
884 4213 972 4267 libid.
986 4213 1012 4266 6.
1025 4215 1070 4284 89.
