2768 4876
166 365 255 407 rnna.
268 362 346 406 xxx.
380 341 499 405 Genera
513 341 638 406 Pocaaoa
652 341 711 426 dape
726 350 754 405 at
767 341 874 405 ordiar
888 342 1009 406 conum.
1147 339 1212 411 619

164 512 231 585 lam
253 515 291 582 in
309 535 415 583 eausa
437 513 552 596 fuisse,
571 536 634 584 cur
655 513 828 584 limitibus
853 514 942 583 adeo
965 515 1123 607 angustis
1145 515 1211 585 cir-

164 629 351 700 cumscribi
368 637 483 698 artem
508 629 613 722 plane
634 629 808 699 infinitam
827 629 988 698 voluerit.
1040 629 1211 712 Quicum

162 745 197 813 in
213 746 313 814 omni
327 745 475 815 fortasse
488 745 680 836 quaestione
698 746 912 838 perspicacia
928 769 966 816 sc
982 747 1094 840 magis
1105 770 1211 837 quam

163 860 340 954 elegantia
368 863 681 944 commendaverit,
712 871 790 930 tum
820 860 968 930 Naturae
997 871 1095 932 certe
1126 863 1213 933 deli-

112 1061 124 1068 ·
163 977 244 1060 cias,
274 998 489 1068 omnemque
523 975 617 1045 hunc
649 976 722 1045 caeli
754 999 795 1046 ac
829 984 1001 1045 terramm
1037 986 1211 1060 ornatum,

163 1113 336 1182 nusquam
362 1089 436 1158 ullo
459 1113 496 1159 se
519 1090 682 1181 prosequi
709 1111 829 1158 amore
856 1087 1039 1181 significat.
1092 1088 1211 1159 Sensit

164 1206 330 1276 videlicet
348 1206 402 1274 vir
417 1213 553 1286 acutus,
567 1227 679 1298 genus
697 1227 802 1273 omne
821 1203 1022 1285 Poetarum,
1040 1228 1127 1295 quos
1144 1228 1212 1274 usu

163 1322 306 1413 quidem
334 1320 450 1390 adhuc
476 1328 698 1413 cognoverat,
725 1319 802 1388 istis
828 1320 986 1389 terminis
1012 1318 1103 1388 bene
1129 1343 1214 1389 con·

164 1436 257 1505 cludi
284 1457 407 1527 posse:
434 1443 511 1504 tum
535 1458 599 1526 pro
622 1457 720 1502 more
743 1456 816 1515 suo,
835 1457 880 1503 ex
907 1433 981 1504 sola
1006 1435 1157 1503 nominis
1176 1435 1210 1503 vi

163 1552 204 1621 de
223 1575 261 1620 re
278 1552 444 1620 universa
453 1550 629 1641 judicium
648 1549 742 1618 tulit.
791 1549 862 1632 Qui
880 1549 909 1619 si
927 1549 1080 1642 Virgilio
1097 1551 1214 1621 minor

163 1676 254 1738 esset
276 1675 392 1749 aetate,
410 1650 496 1735 num
514 1667 572 1735 cui
591 1666 738 1734 dubium
756 1677 822 1747 est,
840 1674 1113 1758 propagaturum
1137 1666 1213 1735 fore

164 1807 244 1853 eum
267 1783 367 1875 quasi
392 1782 480 1850 fines
503 1781 671 1863 Poeticae,
697 1805 742 1850 ue
769 1782 859 1851 forte
885 1780 1027 1850 excludi
1052 1783 1215 1851 videatur

163 1897 425 1968 laudatissimus
443 1896 626 1989 Scriptori

211 2013 300 2084 Dixi
318 2015 362 2084 de
379 2015 536 2083 moribus
554 2021 591 2083 et
609 2010 728 2081 indole
745 2011 862 2104 gentis
881 2011 1078 2082 Graiorum.
1115 2013 1211 2096 Quid

164 2151 274 2221 porro,
294 2129 321 2199 si
341 2129 497 2209 doceam,
518 2151 649 2220 genera
666 2151 805 2218 quoque
832 2128 907 2219 ipsa
932 2127 1105 2196 scribendi
1130 2151 1214 2197 con·
1282 2215 1284 2218 Α

164 2244 292 2314 tinuari
321 2236 582 2334 'quodammodo
613 2243 708 2312 aliud
739 2265 785 2311 ex
815 2242 897 2325 alio,
927 2251 1095 2332 tauquam
1123 2245 1212 2312 serie

163 2358 314 2448 quadam
332 2367 370 2426 et
388 2360 510 2427 ordine
531 2357 716 2450 legitimo?
759 2355 816 2426 Ac
837 2358 951 2425 fatcor
972 2358 1136 2447 equidem
1159 2381 1215 2426 re-

163 2471 293 2565 ligione
315 2497 373 2542 me
394 2475 492 2567 tangi
519 2472 698 2554 nonnulla,
716 2473 854 2562 quoties
879 2496 938 2541 me
964 2495 1046 2540 cum
1069 2473 1111 2541 iis
1137 2473 1214 2542 fore

164 2589 287 2670 sentio,
306 2590 366 2680 qui
384 2588 515 2659 nullius
536 2613 606 2658 non
624 2590 672 2657 rei
693 2610 831 2657 causam
851 2587 1003 2678 aliquam
1022 2611 1043 2656 a
1060 2610 1097 2656 se
1115 2588 1214 2656 adhi-

164 2704 316 2773 bendam
335 2707 550 2775 existimant.
598 2703 766 2796 intelligo
784 2727 889 2795 quam
907 2704 953 2772 sit
972 2700 1105 2772 lubrica
1123 2705 1210 2795 ejus·

163 2820 257 2888 modi
284 2821 487 2913 disputatio.
539 2820 657 2904 Quare
683 2820 750 2888 hoc
777 2819 855 2887 loco
881 2820 927 2887 sit
949 2819 1060 2899 venia,
1079 2841 1213 2909 precor,

164 2957 234 3004 nou
253 2936 437 3008 disserenti
464 2938 525 3007 sed
550 2937 750 3027 anquirenti
775 2934 890 3003 modo.
943 2932 1075 3002 Nonne
1093 2957 1135 3002 ea
1152 2957 1215 3002 sae·

163 3051 243 3142 pius
269 3059 323 3120 est
349 3053 490 3121 vivendi
517 3052 685 3133 conditio,
704 3060 745 3119 ut
770 3052 866 3142 prius
891 3049 1098 3118 felicitatem
1122 3072 1215 3140 quae-

164 3174 243 3236 rant
263 3167 423 3236 homines
441 3190 502 3236 seu
521 3169 626 3237 rebus
643 3168 805 3260 gerendis
822 3167 895 3235 sive
912 3166 1029 3234 studio
1044 3165 1215 3245 veritatis,

164 3283 294 3352 deinde
319 3282 438 3368 lassati
460 3294 497 3353 et
520 3285 601 3376 aegri
625 3283 815 3352 deveniant
838 3282 981 3350 taudem
1010 3282 1045 3348 in
1072 3289 1214 3371 portum

164 3398 342 3489 quendam
367 3400 457 3468 ruris
479 3399 672 3490 tranquilli,
689 3398 856 3488 mirisque
878 3398 946 3465 frui
970 3396 1140 3487 coeperint
1161 3416 1217 3462 so-

165 3511 270 3593 latiis,
306 3514 449 3605 propius
487 3516 647 3605 inspecta
685 3514 797 3582 forma
835 3535 876 3580 ac
915 3512 1004 3580 facie
1040 3508 1215 3578 Naturae?

165 3628 298 3710 Quidni
330 3637 506 3720 putemus,
534 3652 632 3698 more
660 3651 730 3697 non
761 3628 902 3719 penitus
931 3627 1067 3695 diverso
1097 3646 1215 3692 accre-

166 3744 255 3813 visse
281 3753 443 3813 veterum
472 3743 626 3815 Poesinl
681 3742 823 3835 Nempe
852 3741 1035 3810 Homerici
1061 3740 1214 3830 primum

166 3868 202 3926 et
221 3857 408 3941 Pindarici,
427 3882 512 3949 quas
529 3859 677 3949 quisque
694 3881 715 3926 a
733 3856 923 3948 majoribus
946 3861 1129 3944 acceperat
1153 3852 1217 3920 he-

166 3974 268 4043 roicae
296 3973 391 4043 illius
412 3975 492 4042 vitae
519 3973 693 4064 reliquias,
719 3973 869 4064 posteris
896 3970 987 4039 tradi
1011 3991 1092 4038 cum
1119 3968 1214 4037 omni

166 4086 269 4158 laude
300 4097 517 4158 curaverant.
574 4088 713 4157 Deinde
740 4085 926 4178 AEschylus
954 4086 1122 4154 docuerat
1148 4081 1217 4174 Py-

168 4201 367 4296 thagoricus
385 4204 469 4293 quid
494 4211 611 4294 posset
635 4202 806 4272 altissima
829 4198 1059 4292 philosophia.
1108 4196 1219 4266 Utro-
