2768 4876
171 336 235 399 530
278 332 452 398 Pindarico
466 330 740 420 qttaedosntplact'do
754 355 791 399 αα
805 333 866 398 leni
879 342 985 400 imore.
1020 354 1213 396 romnxxvr.

172 505 275 588 Mox,
289 505 438 576 Homeri
456 506 629 598 Tyrtaeive
645 505 751 598 plene
768 504 901 587 similis,
915 504 1051 574 animos
1068 503 1107 572 in
1118 501 1216 572 Mer·

170 621 221 690 tia
238 620 331 690 bella
348 620 501 690 exacuit.

309 763 375 819 ἴστω
393 764 444 836 γὰρ
460 764 555 835 σαφὲς,
568 762 642 819 ὅστις
660 763 687 817 έν
703 763 783 834 ταῦτᾳ
797 763 897 834 νεφελᾳ
908 764 1024 834 χάλαζαν
1041 761 1149 832 αἵματος
1164 762 1215 830 πρὸ

344 850 427 921 φίλος
437 852 536 921 πάτρας
547 840 686 920 ἁμάνεται,

308 940 400 1010 λοῖγον
411 937 473 992 άντα
485 938 574 1008 φέρων
587 937 690 1012 έναντίιρ
704 941 817 1011 στρατῷ,

308 1025 396 1079 άστῶν
407 1027 482 1095 γενεᾲ
494 1023 619 1094 μέγιστον
631 1023 706 1079 κλέος
717 1024 810 1090 αὔξων,

310 1108 411 1178 ζώοντ’
425 1110 475 1163 άπὸ
488 1110 529 1163 καὶ
543 1109 633 1163 θανών.

308 1198 339 1250 τὺ
351 1198 389 1259 δέ,
403 1197 537 1249 Διοδότοιο
548 1199 604 1258 παῖ,
616 1196 734 1264 μαχατὰν

308 1282 397 1338 α’ίνεων
409 1282 570 1353 Μελέαγρον,
583 1279 672 1336 α’ίνεων
684 1282 712 1335 δὲ
725 1282 767 1336 καὶ
777 1281 886 1351 Ἐκτόρα

306 1366 470 1439 Ἀμφίαρηόν
481 1389 518 1430 τε,

309 1454 405 1508 εὖάνθέ
418 1453 581 1509 ἁπεπνεύσας
592 1453 694 1506 ἁλικίαν

307 1543 448 1611 προμάχων
460 1539 497 1593 ἀν’
510 1539 611 1608 ὅμιλον,
624 1539 674 1593 ἕνθ’
688 1539 791 1609 ι’ίριστοι

307 1627 389 1695 ἔσχον
400 1625 525 1693 πολέμοιο
538 1628 620 1680 νεῖκος
631 1625 755 1696 ἐσχάτως
766 1625 881 1678 έλπισιν.

217 1757 401 1826 Postremo
426 1756 548 1847 (atque
573 1755 641 1824 hoc
666 1754 754 1823 illud
783 1763 868 1834 eret,
893 1762 1036 1845 propter
1056 1754 1150 1845 quod
1180 1754 1217 1821 in

166 1872 233 1942 hoc
261 1873 483 1964 potissimum
514 1872 669 1941 carmine
696 1871 828 1940 diutius
854 1870 973 1961 paullo
997 1891 1219 1939 commoran-

167 1990 252 2057 dum
275 1990 524 2078 decreveram)
546 1988 676 2056 diserte
702 1987 816 2067 docet,
843 2009 942 2055 suam
963 2008 1038 2054 rem
1064 1985 1132 2077 egi,
1160 1983 1217 2052 vel

166 2105 270 2173 amici
284 2102 341 2171 vel
354 2101 557 2194 reipublicae
572 2101 720 2182 damn03
746 2101 888 2170 subesse
902 2111 1022 2170 tamen
1036 2123 1137 2193 spem
1155 2101 1218 2170 bo-

166 2242 248 2288 nam
263 2227 478 2309 certamque,
490 2241 527 2287 se
545 2218 626 2286 forti
645 2217 760 2285 adhue
778 2226 815 2286 et
833 2239 937 2308 aequo
955 2218 1030 2286 fore
1047 2218 1166 2286 animo
1177 2226 1215 2285 ¹¹:

306 2367 384 2419 ἔτλαν
396 2365 423 2418 δέ
435 2365 528 2420 πένθος
540 2365 570 2417 οὐ
583 2366 676 2434 φατόν
696 2364 765 2416 άλλὰ
778 2367 822 2417 νῦν
833 2385 877 2432 μοι

307 2449 431 2521 Γαιάοχος
443 2450 528 2504 εὐδίαν
540 2449 659 2504 ὄπασσεν

306 2538 334 2589 ἐκ
351 2543 483 2608 χειμῶνος·
502 2536 621 2604 ἀείσομαι
639 2536 731 2605 χαίταν
749 2537 920 2607 στεφάνοισιν
934 2535 1068 2604 ἁρμόσαις
1088 2533 1140 2587 ὁδ’
1153 2533 1216 2587 ἁθα·

342 2625 422 2677 νότων
433 2624 467 2693 μὴ
481 2623 619 2693 θρασσέτω
632 2624 730 2694 φθόνος

306 2709 321 2762 ὅ
332 2731 356 2763 τι
369 2712 479 2780 τερπνὸν
490 2711 621 2781 ἐφάμερον
633 2711 730 2764 διώκων

305 2796 396 2851 έκαλος
408 2798 501 2866 έπειμι,
513 2800 595 2868 γῆρας
607 2798 633 2853 ἔς
645 2819 673 2850 τε
686 2798 730 2850 τὸν
742 2798 872 2866 μόρσιμον

305 2883 391 2937 αἷῶνα.
407 2883 552 2952 θνάσκομεν
563 2884 613 2954 γὰρ
628 2885 695 2953 ὁμῶς
707 2883 824 2938 ἅπαντες

306 2970 402 3039 δαίμων
413 2968 435 3022 δ’
448 2965 531 3026 ἅίσος·
552 2971 583 3023 τὰ
596 2970 681 3040 μακρὰ
695 2969 716 3022 δ’
729 2967 754 3022 εί
764 2991 803 3024 τις

304 3056 448 3119 παπταίνει,
460 3057 560 3127 βραχὺς
573 3056 704 3124 έξίκεσθαι
717 3055 881 3126 χαλκόπεδον
893 3055 957 3109 θεῶν
969 3053 1054 3123 ἕδραν.

214 3194 275 3264 Ad
288 3218 473 3278 summam,
487 3197 618 3288 injecta
632 3195 919 3286 Bellerophontis
932 3196 1124 3276 mentione,
1139 3217 1214 3264 rem

165 3311 277 3380 tribus
295 3312 409 3381 verbis
434 3321 577 3382 revooet
603 3313 647 3381 ad
674 3312 828 3381 amioum
846 3312 1026 3392 victorem,
1045 3333 1154 3401 quem
1172 3334 1215 3380 eo

165 3437 326 3518 tempore
344 3427 545 3497 celebrabat
556 3438 585 3496 Χ.

270 3571 333 3640 ἄμμι
346 3570 406 3634 δ’,ὦ
417 3570 518 3641 χρυσέᾳ
530 3573 595 3640 κόμᾳ
608 3572 719 3634 θάλλων,
728 3573 802 3641 πόρε,
813 3570 901 3640 Λοξία,
914 3572 1013 3624 τεαῖσιν
1024 3569 1180 3639 ἁμίλλαισιν

270 3657 376 3711 εὐανθέα
388 3658 428 3710 καὶ
441 3658 525 3710 Πυθόϊ
537 3657 678 3728 στέφανον.

165 3779 359 3871 Agnosces,
385 3786 426 3847 ut
456 3802 538 3847 oum
565 3779 736 3848 Cicerone
761 3777 894 3869 loquer,
920 3777 1078 3847 “mitem
1105 3788 1214 3871 etque

165 3901 347 3984 comptum
375 3894 527 3975 senem,”
550 3894 611 3984 qui
638 3916 719 3963 curn
745 3893 935 3983 tranquillo
961 3894 1089 3974 animo,
1118 3895 1212 3984 quod

165 4008 210 4077 ed
238 4030 275 4077 se
302 4009 442 4091 attinet,
469 4009 700 4101 contemplari
727 4008 838 4078 soleat
873 4008 997 4077 ludum
1025 4008 1213 4093 Fortunae3

166 4120 253 4190 nihil
293 4123 438 4205 elatum,
478 4123 565 4193 nihil
605 4124 758 4194 sublime
796 4124 954 4216 cogitet3
996 4122 1109 4192 oculis
1143 4146 1214 4192 non

307 4358 322 4386 ¹²
334 4351 422 4402 Istlm.
434 4350 469 4403 vi.
482 4365 526 4419 51.
919 4359 934 4387 ¹
947 4350 1013 4403 lln'd.
1028 4366 1072 4422 70.
