2768 4876
168 335 258 378 rann.
268 320 452 378 xxxrv.'l'oi
463 317 585 396 ἀπείρου
595 337 844 381 amoramanneo
852 337 957 400 penore
968 316 1130 380 navata.
1149 314 1213 384 693

164 494 286 569 retur:
317 494 486 578 tanquam
516 487 622 555 modo
652 509 697 555 ex
726 486 885 556 Deorum
915 486 1075 568 coneilio,
1102 495 1139 557 et
1164 510 1210 559 ex

160 597 308 690 Epicuri
326 588 571 677 intermundiis
589 601 854 676 descendisset.''

215 714 400 786 Hactenus
424 716 469 785 de
491 739 621 809 genere
642 718 781 786 dicendi
805 739 845 786 ac
868 718 1090 808 disputandi:
1117 739 1212 786 nunc

160 853 219 900 res
245 831 337 923 ipsas
362 833 592 902 recordemini
612 830 730 913 velim,
747 854 893 923 quarum
921 833 1127 924 cogitationi
1146 831 1211 923 (sio

167 948 272 1016 enim·
287 949 387 1018 nobis
410 957 465 1018 est
486 949 615 1038 visum)
633 948 781 1017 vacabat
804 969 943 1037 semper
968 946 1211 1018 lubentissime

167 1061 353 1133 Lucretius
384 1071 513 1132 noster.
570 1062 682 1132 Erant
712 1063 831 1132 omnia
863 1063 1000 1133 infinita
1029 1086 1069 1132 ac
1100 1086 1211 1155 vaga:

168 1201 323 1262 numero,
351 1179 474 1269 spatio,
500 1187 613 1262 motu,
640 1178 905 1271 magnitudine:
940 1173 1070 1272 ἄπειρα,
1096 1176 1211 1272 ἁμέρη,

169 1289 348 1388 ἆνᾶριθμαε
370 1294 464 1384 quod
481 1315 592 1385 genus
611 1302 674 1375 est,
693 1293 754 1363 ubi
772 1293 881 1363 semel
899 1300 1082 1384 coeperunt
1099 1292 1213 1361 homi-

168 1431 227 1480 nes
243 1410 361 1479 minus
383 1409 522 1502 integro
548 1430 624 1478 esse
649 1410 778 1478 animo.
820 1407 931 1489 Intus,
950 1407 1211 1499 utplurimum,

168 1526 200 1593 in
224 1547 262 1594 se
282 1547 415 1616 suaque
439 1546 564 1594 arcana
581 1525 670 1593 verti
694 1534 962 1594 consueverunt.
1015 1523 1213 1614 Retorque-

170 1650 224 1709 tur
236 1641 497 1731 quodammodo
513 1648 551 1709 et
568 1641 823 1733 praestringitur
836 1640 892 1724 (ut
909 1642 960 1709 ita
977 1639 1107 1731 dicam)
1118 1641 1213 1733 cogi-

169 1755 274 1825 tantis
304 1754 436 1836 oculus,
463 1764 594 1845 praeter
623 1754 778 1836 solitum,
803 1763 998 1846 praeterque
1028 1763 1211 1837 naturam3

169 1893 276 1962 usque
303 1892 356 1950 eo,
381 1871 466 1938 dum
491 1869 596 1960 plane
621 1870 763 1940 amittat
789 1871 964 1961 propriam
989 1893 1030 1942 ac
1057 1871 1212 1942 nativam

169 1989 247 2057 vim.
311 1983 533 2055 Abstrusior
554 1987 720 2055 nimirum
758 1984 819 2054 illa
853 1984 1088 2077 Philosophiae
1122 2009 1213 2078 pars,

169 2124 270 2194 quam
299 2099 478 2191 appellant
507 2100 613 2170 hodie
643 2076 1047 2193 Metaphysieam—qua
1075 2103 1214 2192 potissi-

168 2239 263 2286 mum
298 2214 496 2285 delectatur
526 2215 902 2307 Lucretius-semper
927 2212 1071 2284 'videtur
1104 2217 1141 2284 in
1175 2238 1213 2285 se

167 2331 298 2424 aliquid
325 2331 498 2411 habuisse,
526 2332 620 2422 quod
649 2331 834 2400 intervallo
864 2355 935 2400 non
961 2332 1049 2400 adeo
1077 2333 1213 2424 ingenti

167 2448 208 2518 ab
226 2448 361 2517 insania
378 2448 529 2539 quadam
548 2448 783 2518 distineretur.

213 2561 275 2631 Ad
294 2585 478 2642 summam,
497 2563 657 2645 dicimus,
675 2562 834 2631 Lucretii
853 2563 1007 2630 carmina
1028 2585 1098 2630 non
1115 2563 1213 2652 peni,

168 2688 222 2748 tus
253 2699 372 2747 carere
402 2677 508 2770 signis
538 2678 613 2769 ejus
643 2678 767 2756 morbi,
793 2700 863 2767 quo
893 2677 1008 2767 ipsum
1038 2677 1213 2746 laborasse

168 2800 309 2863 narrant
333 2793 496 2862 Donatus
522 2801 559 2861 et
583 2792 777 2862 Eusebius:
806 2793 980 2861 duntaxat
1006 2792 1051 2860 ad
1077 2791 1155 2872 hoc,
1173 2799 1214 2860 ut

168 2910 294 2978 misera
319 2908 432 2999 magis
460 2931 565 2998 quam
590 2907 735 3001 indigna
762 2908 871 2976 videri
899 2908 1007 2998 possit
1036 2928 1214 2976 commen-

168 3023 246 3092 titia
272 3024 347 3113 ejus
372 3024 554 3114 impietas:
588 3024 715 3092 deinde
741 3032 782 3092 ut
807 3023 941 3115 tragico
966 3023 1118 3112 quodam
1145 3029 1215 3090 ter-

167 3159 255 3219 rore,
273 3133 390 3227 neque
414 3160 554 3229 prorsus
579 3136 780 3227 injucunde,
802 3143 994 3228 tangantur
1019 3133 1215 3225 legentium

168 3253 287 3322 animi.
346 3251 465 3333 Porro,
496 3253 622 3339 (dicam
653 3253 748 3322 eninr
776 3251 871 3342 quod
901 3249 1040 3337 sentio,)
1070 3249 1154 3339 quid
1185 3251 1213 3318 si

169 3368 259 3438 forte
283 3369 481 3459 suspicetur
505 3367 640 3459 aliquis,
659 3370 772 3437 inesse
798 3368 834 3435 in
861 3366 902 3434 iis
926 3365 985 3455 qui
1011 3365 1106 3454 capti
1132 3373 1214 3432 sunt

169 3483 333 3563 amentia,
366 3506 436 3551 non
471 3492 632 3553 sanctum
663 3484 742 3552 dico
777 3480 907 3572 aliquid
943 3503 984 3549 ac
1017 3478 1215 3570 providum,

170 3599 262 3688 (quae
280 3607 442 3666 vetemm
460 3598 718 3668 Germanorum
741 3599 785 3668 de
809 3597 1053 3665 foeminis'erat
1071 3596 1214 3687 opinio,)

170 3712 231 3782 sed
262 3720 382 3781 tamen
406 3714 553 3782 obscura
577 3714 695 3783 nescio
722 3737 799 3804 quae
828 3711 998 3803 potentiae
1028 3708 1215 3801 plusquam

169 3827 332 3897 humanae
362 3827 514 3898 indicia?
545 3850 627 3896 cum
654 3827 690 3896 id
717 3827 859 3917 quidem
890 3833 1005 3896 ratum
1033 3825 1215 3915 fixumque

170 3945 215 4013 sit
244 3944 338 4035 apud
369 3966 500 4023 omnes,
527 3942 624 4012 effari
655 3965 715 4012 eos
747 3965 809 4011 sua
838 3941 958 4032 lingua
990 3961 1111 4009 sensus
1144 3963 1215 4009 non

170 4081 271 4142 suos;
295 4059 451 4128 maxima
465 4081 547 4128 vero
564 4080 644 4148 pars
662 4058 845 4126 hominurn
864 4078 1002 4146 semper
1019 4054 1215 4136 crediderit,

171 4173 205 4245 id
223 4171 280 4242 vel
300 4173 479 4256 Numinis
497 4171 553 4266 uel
572 4173 677 4243 Genii
695 4181 790 4241 certe
817 4171 962 4264 alicujus
985 4169 1105 4239 afflatu
1130 4170 1215 4247 fieri.
