2768 4876
164 328 360 373 υνκνοων.
446 306 605 372 woteatios
619 304 821 390 intempestive
834 325 939 370 serere.
1151 305 1218 370 587

163 484 420 556 sententiarum
435 478 618 552 acumine!
645 481 705 571 qui
722 490 870 571 patrem,
886 480 1007 549 audita
1024 502 1112 549 nece
1129 479 1218 549 libe·

162 622 283 669 rorum
301 607 340 668 et
357 599 526 690 conjugis,
544 596 582 666 in
598 597 673 665 haec
691 595 802 665 ferme
820 596 976 687 erupisse
993 605 1111 665 narrat
1122 605 1147 661 ⁰.

511 749 611 803 “Num
623 766 721 819 pueros
734 766 839 820 quoque
848 748 878 802 ?’'

309 846 328 870 “
336 837 421 902 Uxor,
434 838 547 908 pueruli,
560 854 623 891 cum
635 846 691 890 tots
703 837 772 890 servi
784 836 873 898 domo,

311 926 472 996 Quicunque
484 924 612 995 praesto.”
649 929 666 953 ‘⁸
676 923 752 976 Vah!
771 923 853 976 fuisse
865 940 908 975 me
919 922 1007 975 foras!

309 1010 439 1074 Uxorem,
451 1011 504 1063 ein'
517 1018 548 1063 tu
556 1010 587 1063 ?’'
625 1009 782 1063 “Verum”
819 1009 1001 1081 “Omnesque
1012 1010 1129 1064 liberos?

310 1097 413 1151 Omnes
426 1096 550 1150 delicias?
568 1097 607 1149 nil
620 1113 757 1166 superesse
769 1096 807 1150 sis
820 1095 911 1150 domi?

309 1183 387 1238 Eheu
399 1183 554 1237 Furiarum!
573 1183 713 1236 sustulisse
724 1184 859 1238 vulturem

309 1269 381 1324 Cum
393 1279 478 1324 matre
490 1270 586 1339 pullos,
599 1287 655 1322 uno
667 1268 801 1323 crudelem
814 1270 911 1339 impete
920 1269 947 1322 1³⁹

216 1416 422 1509 Aliquando
440 1416 611 1486 molestus
627 1415 669 1484 fit
687 1415 886 1508 Euripiden,
902 1438 972 1484 non
984 1416 1085 1507 justa
1102 1416 1221 1507 dispu-

169 1532 316 1615 tatione,
338 1531 399 1603 sed
426 1532 519 1623 qued
547 1532 686 1622 γνώμας,
705 1552 791 1622 quas
810 1540 947 1612 vocant,
965 1530 1052 1599 locis
1073 1530 1221 1600 minime

171 1648 240 1718 suis
266 1672 383 1719 serere
410 1671 482 1718 non
510 1649 671 1718 dubitet:
701 1648 897 1738 quinimmo
929 1647 1038 1717 talem
1065 1645 1219 1736 aliquam

171 1764 363 1834 clausulam
391 1787 462 1834 non
492 1786 570 1833 raro
600 1762 768 1833 adhibeat
798 1764 834 1830 in
865 1761 969 1832 rebus
999 1761 1221 1854 gravissimis,

172 1882 327 1951 maximo
356 1891 457 1951 motu
485 1881 692 1950 animorum.
746 1876 858 1949 Verbi
890 1880 1015 1972 gratia,
1042 1879 1119 1969 quis
1149 1899 1220 1945 non

172 1997 319 2066 miretur
346 1995 634 2076 Andromachen,
664 2017 734 2085 qua
767 1995 912 2063 tandem
947 1993 1124 2063 sententia
1157 1989 1221 2060 filii

173 2124 321 2182 mortem
341 2114 553 2204 deprecetur
563 2108 602 2178 ‘¹2

452 2259 519 2312 πᾶσι
532 2255 553 2310 δ’
567 2256 709 2327 ἀνθρώποις
721 2254 760 2327 ἄρ’
773 2253 806 2324 ἦν

346 2344 423 2415 ψυχὴ
434 2344 508 2399 τέκν’·
528 2343 602 2398 ὅστις
614 2342 636 2397 δ’
649 2341 714 2407 οὔτ’,
727 2343 832 2414 ἄπειρος·
843 2343 887 2405 ὣν,
899 2342 990 2413 ψέγει,

347 2431 433 2499 ἧσσον
444 2432 491 2500 μὲν
502 2431 587 2501 ἀλγεῖ,
601 2431 738 2500 δυστυχῶν
750 2429 772 2483 δ)
786 2431 938 2499 εὐδαιμονεῖ.

175 2577 355 2673 Frigidum
374 2590 412 2649 et
429 2579 526 2660 illud,
546 2579 639 2670 quod
660 2580 696 2647 in
719 2578 905 2648 efferendis
924 2579 1109 2648 sententiis
1127 2585 1223 2648 amat

176 2696 291 2765 omnia
304 2696 436 2764 diserto
447 2695 647 2786 exprimere
661 2717 837 2776 sermone;
856 2717 937 2763 eum
952 2718 1074 2764 revera
1087 2695 1223 2765 soleant

175 2809 224 2879 illi
246 2811 306 2902 qui
333 2810 370 2878 in
393 2811 561 2900 majorem
590 2811 735 2879 modum
764 2820 1043 2892 commoventur,
1069 2834 1140 2880 non
1164 2813 1225 2880 de-

177 2925 427 2995 monstratione
445 2927 505 2995 sed
524 2927 781 3019 significatione
795 2928 880 3019 quid
897 2927 963 2996 sibi
981 2927 1091 2997 velint
1109 2927 1226 2997 decla-

176 3063 259 3110 rare.
314 3040 433 3109 Nolim
453 3042 574 3132 itaque
592 3040 867 3112 Andromachen
892 3065 973 3111 cum
998 3043 1128 3113 aemula
1148 3065 1225 3111 mu-

178 3154 259 3225 liere
283 3165 480 3225 certantem
506 3157 622 3247 palam
645 3181 687 3228 ea
711 3157 820 3249 loqui,
838 3183 914 3250 quae
938 3169 1057 3229 tamen
1082 3180 1226 3228 necesse

179 3282 229 3342 est
247 3273 409 3342 venerint
427 3273 460 3341 ei
477 3274 514 3342 in
531 3282 688 3342 mentem
700 3284 735 3342 e:

370 3419 445 3471 κακόν
456 3439 487 3488 γε
499 3417 600 3486 θνητοῖς
611 3420 641 3471 τὸ
655 3416 720 3480 νέον,
733 3418 760 3471 ἕν
772 3441 800 3472 τε
812 3421 848 3491 τῷ
861 3418 910 3492 νέῳ

371 3504 401 3556 τὸ
413 3503 447 3571 μὴ
460 3504 557 3559 δίκαιον
569 3503 643 3560 ὅστις
654 3504 795 3573 ἀνθρώπων
806 3505 869 3574 ἔχει·

368 3587 420 3657 ἐγὼ
432 3589 460 3642 δὲ
472 3591 570 3659 ταρβῶ,
580 3590 615 3659 μὴ
627 3593 657 3643 τὸ
671 3588 801 3644 δουλεύειν
812 3612 844 3659 με
857 3590 901 3645 ool

369 3674 457 3744 λόγων
468 3675 570 3744 (iudea,
583 3674 661 3729 πολλ’
674 3677 788 3747 ἔχουσαν
800 3677 893 3730 ἔνδικα·

371 3757 401 3827 ἢν
413 3757 435 3812 δ’
447 3759 480 3814 οὗ
492 3759 621 3831 κρστῆσω,
634 3762 668 3830 μὴ
680 3761 717 3816 ’πὶ
729 3760 789 3834 τῷδ’
803 3761 880 3832 ὄφλω
891 3759 1006 3830 βλοθῆν.

370 3845 395 3898 οἱ
407 3846 457 3915 γὰρ
468 3847 588 3903 πνέοντες
599 3849 709 3918 μεγσλὰ,
722 3847 782 3903 τοὺς
793 3843 932 3918 κρείσσους
943 3849 1039 3918 λόγους

371 3935 468 4000 πικρῶν
479 3931 593 4002 φέρουσι
604 3938 656 3987 τῶν
667 3934 821 3989 ἐλασσόνων
833 3933 892 3988 ὕπο.

181 4066 271 4139 Nam
292 4068 462 4139 Medeam
482 4072 626 4162 quidem
644 4072 741 4142 illam
759 4073 837 4163 quis
854 4073 955 4153 ferat,
974 4075 1105 4163 quaein
1127 4083 1229 4144 nate-

211 4321 370 4385 οΜυοόνΐῑν,
382 4321 443 4376 Act.
456 4321 492 4376 iv.
507 4321 550 4376 Sc.
564 4338 590 4392 3.
698 4321 712 4360 d
724 4322 847 4375 Androm.
861 4337 922 4392 419.
1030 4330 1042 4359 e
1054 4321 1122 4375 lbid.
1138 4322 1195 4386 184.
