2768 4876
185 322 275 363 rann.
287 321 365 361 xxx.
403 297 516 362 deba
530 309 716 362 scammum
726 297 881 383 peraridus
895 299 1077 384 remordere.
1165 297 1227 362 621

185 473 339 555 incert03
367 479 444 540 tum
462 472 609 540 recreari
627 469 805 562 paulisper
827 479 864 538 et
892 469 1037 540 meliore
1057 491 1132 539 esse
1157 469 1231 538 ani-

184 611 250 667 mo,
286 609 370 656 cum
406 596 552 656 ventum
586 594 641 655 est
674 587 719 656 ad
755 586 902 655 Naturae
936 585 1125 667 miracula3
1155 584 1231 655 carli

184 710 332 783 meatus,
349 702 526 793 sylvarum
552 703 687 771 sonitus
712 725 753 772 ac
779 701 966 783 montium,
983 700 1171 770 fluviomm
1194 710 1232 771 et

184 815 318 887 Oceani
336 841 467 888 cursus
520 817 678 900 Quarum
705 819 863 887 omnium
890 839 1006 886 rerum
1033 816 1156 885 laudes
1181 816 1233 884 ita

183 932 352 1003 celebrari
369 933 415 1002 ab
432 957 475 1002 eo
492 934 664 1016 videmus,
681 942 723 1002 ut
740 941 880 1002 constet
901 932 1006 1024 plane
1024 955 1082 1002 eas
1105 954 1177 1002 non
1195 932 1229 1000 in

184 1049 293 1118 solam
312 1049 509 1118 doctrinam
525 1048 696 1130 adhiberi,
715 1071 837 1118 vemm
855 1049 962 1118 etiam
981 1047 1098 1118 solatii
1115 1070 1230 1129 causa,

184 1164 347 1255 unicique
366 1165 526 1257 perfugii.

229 1277 305 1348 Sed
323 1280 369 1348 de
386 1279 441 1348 his
458 1278 526 1348 alio
548 1289 727 1371 tempore:
757 1304 850 1350 nuuc
872 1282 999 1350 cursim
1026 1279 1132 1348 modo
1153 1286 1231 1347 tan-

182 1395 331 1464 tundem
349 1396 418 1464 dici
437 1394 610 1478 volebam,
628 1419 698 1487 quo
713 1397 873 1488 judicare
896 1404 1014 1487 posset
1032 1394 1167 1485 aliquis,
1184 1417 1229 1463 an

179 1519 278 1578 recte
305 1518 343 1579 et
376 1511 497 1580 ordine
522 1512 642 1580 veniat
671 1521 839 1602 tanquam
867 1512 904 1579 iu
932 1510 1049 1579 locum
1073 1506 1230 1601 AEschyli

175 1623 262 1694 talis
284 1632 457 1694 terrarum
482 1635 589 1716 atque
612 1627 687 1696 caeli
713 1635 899 1718 spectator,
917 1626 1058 1717 qualem
1077 1646 1140 1694 uos
1159 1623 1231 1692 Lu·

171 1741 332 1810 aretium
351 1740 458 1810 fuisse
475 1762 698 1834 auguramur.

228 1855 344 1926 Porro
374 1865 495 1926 autem
520 1859 614 1948 quod
641 1858 685 1926 ad
709 1857 902 1950 Virgilium
930 1858 1070 1938 attinet,
1097 1857 1229 1925 nemini

167 1972 293 2042 ferme
313 1971 521 2041 crediderim
547 1973 584 2040 in
608 1973 716 2042 dubio
733 1972 818 2053 fore,
833 1974 918 2064 quin
936 1973 1070 2063 optime
1096 1971 1230 2062 possint

163 2087 440 2157 accommodari
457 2088 533 2178 ejus
550 2088 706 2157 carmina
728 2089 772 2158 ad
797 2087 876 2158 illos
900 2088 1092 2179 prasertim
1114 2084 1230 2155 oblec-

164 2202 320 2286 tandos,
338 2204 396 2294 qui
414 2225 452 2273 se
470 2206 683 2274 removerint
702 2206 847 2274 taudem
865 2204 909 2273 de
928 2203 1033 2296 vulgo
1057 2212 1094 2272 et
1115 2225 1228 2283 socna,

165 2319 321 2410 experti
339 2318 483 2401 scilicet,
502 2342 606 2410 quarn
629 2344 752 2411 pamm
771 2321 911 2389 valeant
933 2319 979 2388 ad
1002 2319 1093 2388 benc
1109 2318 1230 2387 beate-

165 2455 250 2526 que
264 2433 456 2503 vivendum
470 2433 525 2504 vel
544 2436 687 2526 optimae
704 2435 863 2504 fortunae.
900 2433 1000 2503 Solet
1014 2434 1138 2524 utique
1152 2431 1230 2501 dul-

166 2552 342 2622 cissimus
367 2552 527 2619 omnium
550 2550 662 2621 Poeta
683 2559 829 2642 questus
850 2573 931 2619 suos
953 2549 1009 2619 vel
1033 2549 1229 2618 acerbiores

170 2668 351 2738 moestitia
376 2691 445 2736 non
472 2667 616 2759 illepida
641 2679 857 2758 temperare:
887 2668 947 2758 qui
974 2689 1050 2737 mos
1075 2675 1130 2736 cst
1154 2665 1229 2757 ple-

171 2806 331 2875 rumque
365 2805 487 2852 eorum
521 2785 582 2874 qui
616 2785 726 2852 vitam
759 2784 897 2875 egerint
936 2784 973 2851 in
1007 2782 1086 2851 luce
1120 2782 1227 2851 curiae

171 2911 289 2990 abque
307 2901 344 2968 in
361 2899 506 2969 consilio
523 2900 677 2991 publico.
714 2899 866 2969 Miseros
884 2907 991 2990 atque
1008 2920 1119 2991 aegros
1136 2921 1229 2966 mor·
1249 2974 1252 2980 4

175 3013 271 3083 tales
293 3014 416 3106 (ipsius
442 3026 523 3084 utor
547 3014 833 3107 compellatione)
859 3016 910 3084 ita
936 3014 1106 3105 deplorat,
1129 3012 1228 3082 velut

177 3129 241 3220 qui
268 3151 396 3220 pueros
422 3129 546 3200 flentes
568 3130 654 3200 velit
679 3129 845 3211 mulcere,
863 3132 937 3222 ipse
961 3129 1099 3210 leniter,
1117 3138 1157 3197 ut
1175 3129 1227 3210 fit,

176 3243 348 3314 arridens.
400 3245 554 3315 AEstivos
579 3268 713 3338 greges,
739 3256 910 3327 armenta,
932 3244 1094 3336 pecudes,
1121 3266 1227 3334 apum

176 3368 290 3450 atque
322 3361 430 3429 etiam
465 3363 628 3430 arborum
662 3361 812 3430 concilia
846 3361 894 3430 sic
929 3369 1031 3430 vocat
1064 3361 1158 3429 idem
1191 3360 1227 3428 in

180 3484 300 3566 partes
317 3497 406 3555 suaa,
425 3478 519 3544 utin
537 3477 708 3566 ejusmodi
726 3476 806 3546 lusu
823 3477 985 3546 videatur
1005 3476 1227 3566 acquiescere

180 3612 253 3658 non
278 3590 431 3671 invitus;
461 3614 516 3674 ne,
541 3592 571 3660 si
599 3593 691 3661 forte
718 3614 875 3681 quaerere
903 3592 1049 3682 coeperit
1078 3589 1226 3659 ulterius

179 3705 326 3796 aliquid,
340 3705 468 3774 abeant
493 3707 615 3776 statim
639 3709 757 3776 omnia
775 3708 882 3798 (quod
901 3708 1016 3799 aiunt)
1034 3707 1070 3774 in
1088 3706 1225 3775 firmum

179 3842 223 3889 ac
241 3819 407 3890 cinerem.

232 3932 358 4024 Atque
384 3933 438 4004 his
468 3935 535 4005 hoc
565 3945 724 4029 tempore
754 3938 839 4047 satis
871 3938 1037 4007 declarari
1067 3937 1227 4019 arbitror,

181 4069 335 4138 quonam
362 4050 399 4117 in
424 4050 503 4119 loco
528 4050 711 4122 habendus
733 4054 779 4122 sit
798 4052 981 4146 Virgilius,
1000 4076 1045 4121 ex
1063 4076 1105 4122 ea
1123 4076 1229 4144 quam

182 4161 288 4232 hodic
320 4174 513 4236 tractamus
539 4167 699 4236 formula.
753 4167 896 4259 Nempe
924 4177 965 4236 ut
991 4168 1089 4238 fessis
1117 4168 1230 4260 philo-

182 4279 365 4371 sophando
384 4280 581 4365 Lucretius,
600 4284 649 4352 ita
670 4283 931 4353 fastidientibus
956 4285 1064 4353 vitam
1092 4283 1232 4354 civilem
