2768 4876
169 313 263 357 rnna.
273 313 356 356 xxna
392 312 461 357 cum
474 291 692 377 amplectione
705 290 811 355 montis
825 288 903 354 mali
916 287 975 354 sibi
988 288 1123 353 amaa.
1158 289 1222 356 419

380 460 459 530 ὕμνοι·
470 461 500 528 ἐξ
510 459 647 531 Ἐριννύων

381 546 488 617 δέσμιοι
499 549 612 617 φρενῶν,
623 547 785 616 &coppinos
795 545 875 600 αὐονὰ
884 548 999 616 βροτοῖς.

171 684 259 770 Quae
277 685 449 777 serpentis
466 685 578 755 ferme
602 684 697 754 illius
719 707 794 776 prae
820 706 858 754 se
881 685 1000 754 ferunt
1017 685 1220 778 imaginem,

171 801 271 891 cujus
293 798 350 869 vel
373 801 545 870 intuentis
570 798 684 881 oculo,
707 797 764 867 vel
789 798 965 869 horrendo
990 799 1220 892 ingredientis

170 933 266 997 sono,
282 913 459 1005 perculsas
477 915 737 1008 quodammodo
754 912 943 1004 perhibent
965 923 1107 1006 stupere
1124 937 1219 999 aves,

173 1029 366 1121 faucesque.
379 1029 417 1097 in
433 1030 525 1120 ipsas
542 1028 637 1098 ultro
656 1051 694 1098 se
711 1029 867 1119 injicere.

220 1141 310 1214 Haec
335 1144 454 1213 omnia
481 1151 556 1212 tarn
583 1143 730 1236 grandia
759 1152 851 1223 sunt,
879 1143 1131 1234 aspicientibus
1161 1142 1218 1212 vel

169 1277 212 1326 ea
241 1257 325 1340 sola,
351 1280 430 1349 quae
456 1258 637 1349 pertinent
664 1258 709 1327 ad
738 1255 917 1351 ἐναργεῖαν,
944 1280 1051 1348 quarn
1079 1267 1217 1340 vocant,

168 1372 355 1461 poeticam,
378 1379 420 1440 ut
449 1393 555 1441 nemo
585 1372 703 1440 mirari
732 1371 872 1454 debeat,
900 1371 994 1463 apud
1023 1372 1217 1442 maximam

169 1494 306 1577 partem
327 1487 512 1556 hominurn
538 1487 589 1556 ita
614 1486 748 1555 laudari
775 1485 1032 1578 philosophiam
1049 1487 1217 1579 AEschyli,

168 1610 209 1670 ut
242 1611 375 1696 negent
407 1610 529 1671 tamen
564 1624 646 1671 eum
683 1601 773 1671 serio
806 1603 999 1696 quidquam
1034 1603 1217 1695 cogitasse,

167 1724 295 1806 praeter
317 1738 376 1786 eas
397 1715 551 1799 delicias,
570 1739 656 1809 quas
680 1718 838 1807 proprias
854 1739 931 1787 esse
948 1717 1072 1786 volunt
1090 1716 1218 1788 Poeta-

167 1853 256 1900 rum.
308 1830 381 1915 Qui
403 1831 432 1900 si
455 1831 565 1900 semel
589 1831 799 1922 aequioribus
824 1832 943 1923 paullo
968 1830 1080 1901 oculis
1104 1832 1217 1924 perle-

166 1954 251 2039 gant
277 1944 334 2015 vel
361 1945 452 2016 solas
477 1945 584 2016 hasce
608 1945 734 2016 Nostri
759 1945 986 2030 Eumenidas,
1013 1970 1055 2017 ea
1082 1957 1215 2029 mente,

166 2070 207 2131 ut
227 2061 384 2131 sanctius
404 2060 547 2154 aliquod
575 2060 760 2131 consilium
783 2061 992 2153 abditosque
1018 2086 1140 2134 sensus
1162 2065 1216 2132 in·

166 2199 240 2248 esse
266 2176 414 2246 credant
440 2177 537 2268 operi
548 2199 561 2255 ‚·
589 2177 650 2246 vix
676 2177 747 2247 dici
778 2185 908 2269 potest,
929 2187 1062 2267 quanto
1092 2181 1214 2250 statim

165 2289 308 2360 cumulo
338 2291 527 2383 augebitur
550 2290 713 2382 voluptas
743 2313 796 2373 ea,
822 2313 928 2382 quam
958 2292 1063 2361 unice
1091 2293 1216 2383 praedi-

165 2414 267 2488 cant;
293 2413 498 2495 quantoque
521 2403 627 2474 altius
652 2405 854 2496 penetrabit
871 2413 909 2474 et
926 2407 1147 2496 permanebit
1170 2409 1215 2477 ad

164 2521 291 2590 intima
315 2520 431 2590 cordis
457 2520 531 2589 sive
560 2519 742 2612 ingeniosa
768 2520 931 2602 namatio,
955 2520 1028 2589 sive
1051 2544 1216 2591 numero-

164 2656 243 2703 mm
264 2634 482 2725 jucunditas,
510 2634 583 2703 sive
613 2631 895 2711 similitudinum,
922 2631 1038 2702 infuso
1065 2633 1215 2726 desuper

165 2748 263 2840 quasi
291 2749 446 2839 quodam
479 2746 629 2816 aetherio
662 2745 808 2827 lumine,
834 2745 933 2815 velut
967 2747 1004 2815 in
1037 2749 1214 2839 picturam

165 2862 295 2954 alioqui
313 2862 398 2932 satis
414 2862 556 2932 bellam.

212 2974 387 3057 Recolite,
412 2997 541 3066 qnaeso,
561 2974 688 3043 animis
713 2972 770 3042 vel
797 2995 908 3042 unum
935 2972 1037 3043 illum
1062 2997 1212 3057 versum,

165 3110 234 3179 quo
255 3088 530 3182 Clytaemnestra
560 3088 775 3157 dormientes
805 3088 931 3157 incitat
958 3087 1092 3172 Furias,
1113 3088 1213 3163 velut

165 3225 277 3287 canes,
294 3205 333 3273 in
349 3205 506 3295 opimam
522 3198 713 3294 praedamf:

375 3361 447 3424 ἕπου,
458 3360 563 3432 μάραινε
576 3360 704 3435 devrc'potc
715 3363 867 3433 διώγμασιν.

166 3499 318 3582 Videtis,
336 3501 412 3592 ipsa
428 3501 527 3590 quasi
545 3500 652 3570 verba
674 3501 816 3581 ardere;
844 3507 944 3570 tanto
965 3521 1048 3572 oum
1073 3499 1211 3591 impetu

164 3635 218 3682 res
247 3614 376 3706 agitur.
428 3613 534 3696 Quod
564 3613 593 3683 si
624 3614 681 3686 cui
708 3614 806 3683 venit
832 3613 869 3681 in
894 3621 1052 3683 mentem
1075 3636 1118 3684 ea
1142 3614 1212 3707 sig-

164 3727 328 3808 nificatio,
359 3750 466 3822 quam
500 3727 610 3798 habet
643 3727 885 3821 gravissimam
915 3726 1010 3799 idem
1040 3725 1101 3796 ille
1134 3749 1212 3797 ver-

163 3861 230 3924 sus,
250 3841 467 3913 acerbissimi
494 3841 635 3923 doloris,
659 3864 729 3932 quo
756 3841 869 3932 premi
895 3841 1011 3911 solent
1036 3840 1209 3926 homines,

164 3954 375 4029 “occultum
390 3957 574 4049 quatiente
590 3955 708 4027 animo
725 3963 860 4025 tortore
877 3954 1057 4048 flagellum
1067 3957 1097 4038 ;'’
1122 3977 1209 4029 num

605 4150 613 4183 ¹
628 4151 705 4204 Eum.
721 4167 800 4219 139.»v

637 4259 696 4311 ue
717 4246 739 4310 2
