2768 4876
170 318 233 384 724
241 313 869 401 AEmaepmouopantmsopubpanlm
878 313 996 376 odioso:
1007 333 1216 375 ranuxxxvr.

170 490 328 558 dicturus
350 489 397 558 sit
426 497 488 557 aut
515 495 678 556 acturus:
715 496 757 555 ut
783 485 962 555 interdum
989 506 1091 574 paene
1114 485 1151 552 iu
1177 505 1219 552 ea

169 606 235 674 sim
253 605 439 683 sententia,
457 602 544 672 nihil
562 602 753 672 admodum
771 603 942 694 cogitasse
959 599 1155 693 Virgilium
1174 601 1217 668 de

169 720 290 789 AEueae
315 720 368 788 sui
394 719 550 788 moribus
575 727 613 786 et
638 717 777 799 indole;
806 726 946 787 tantum
972 723 1098 785 extare
1120 715 1219 784 rolu-

168 837 236 905 isse
247 837 345 927 quasi
363 834 523 904 umbram
542 835 673 926 egregii
692 834 851 913 nominis,
870 834 1029 923 inquam
1049 832 1216 902 caderent

168 973 221 1032 ea,
239 974 320 1041 quae
341 950 534 1019 tradiderat
556 951 796 1041 antiquissima
821 950 990 1018 memoria
1017 948 1061 1016 de
1087 949 1217 1018 Roma·

169 1089 292 1134 uorum
327 1076 364 1135 et
393 1065 499 1134 Juliae
533 1067 648 1158 gentis
679 1065 880 1158 originibus.
932 1065 1055 1154 Atque
1087 1064 1216 1134 exinde

169 1182 335 1251 ellectum
367 1204 454 1262 esse,
485 1191 526 1250 ut
560 1181 727 1273 pleraque
762 1183 895 1251 diceret
928 1191 1122 1275 ageretque
1148 1180 1217 1251 Vir

168 1297 338 1388 Trojauus
372 1319 493 1365 eorum
534 1320 642 1388 prope
676 1298 757 1375 ritu,
792 1297 852 1386 qui
887 1306 1067 1387 susceptas
1106 1296 1214 1365 semel

169 1422 295 1502 partes,
315 1411 371 1481 vel
397 1413 433 1480 in
454 1411 643 1504 republica,
668 1411 724 1480 vel
745 1413 783 1481 in
810 1413 878 1481 alio
902 1414 1027 1504 quovis
1050 1421 1147 1481 coetu
1175 1435 1216 1480 ao

170 1529 304 1599 familia
329 1528 523 1608 hominum,
550 1537 731 1620 uteunque
754 1529 820 1598 sibi
847 1530 995 1598 tuendas
1021 1551 1098 1599 esse
1125 1529 1216 1597 arbi-

170 1653 317 1713 trantur.
371 1643 472 1712 Nihil
492 1643 555 1713 tali
573 1644 646 1712 viro
664 1645 881 1736 expeditum,
899 1644 987 1714 nihil
1005 1644 1111 1735 plane
1129 1643 1216 1713 libe-

168 1781 256 1828 rum.
309 1757 428 1827 Nullae
451 1782 540 1828 verce
561 1781 655 1829 voees
678 1758 861 1850 eluduntur
884 1757 1015 1829 adimo
1038 1762 1114 1851 ejus
1134 1783 1215 1852 peu-

168 1881 250 1942 tore.
307 1873 409 1942 Siout
441 1885 562 1944 autem
597 1876 632 1942 in
668 1876 735 1944 hoo
751 1871 964 1945 'communis
999 1876 1085 1943 vitae
1120 1899 1216 1944 oom-

167 1989 299 2056 meroio
317 2011 439 2079 parum
458 1987 565 2080 lepidi
583 1998 754 2080 putantur
770 1991 827 2059 isti
846 1989 1014 2071 homines,
1029 1991 1078 2058 sio
1090 1990 1217 2060 AEneae

167 2103 278 2171 nostri
295 2125 444 2193 persona
461 2104 576 2196 friget,
595 2105 728 2195 opinor,
746 2103 920 2195 plerisque
938 2103 1150 2196 legentibus.

220 2217 369 2300 Deinde,
388 2219 472 2309 quid
494 2220 521 2288 si
540 2219 685 2301 docebo,
712 2221 827 2312 ipsum
853 2219 1043 2311 aliquando
1068 2221 1219 2311 scripto-

167 2356 240 2402 rem
272 2334 366 2404 ultro
396 2337 558 2427 prosequi
588 2358 703 2418 suum,
729 2343 770 2403 ut
801 2336 851 2403 ita
877 2335 1000 2415 dicam,
1030 2333 1214 2405 alumnum

169 2450 311 2541 capitali
338 2452 449 2520 ferme
476 2474 580 2542 poena
609 2459 717 2541 atque
747 2450 855 2520 odio?
903 2451 1016 2541 Atqui
1044 2473 1117 2519 non
1148 2450 1217 2521 alia

167 2566 308 2634 videtur
332 2589 408 2635 esse
433 2568 523 2635 ratio
549 2590 671 2636 eorum
697 2568 856 2635 omnium
874 2589 954 2657 quae
972 2569 1015 2635 ad
1036 2566 1214 2636 Didonem

166 2684 356 2772 pertinent.
410 2681 468 2750 Sic
487 2691 708 2773 comparatus
725 2691 779 2751 est
800 2682 860 2750 ille
885 2683 991 2764 loeus
1011 2692 1052 2751 ut
1071 2684 1216 2776 indigna

165 2797 269 2887 plane
295 2819 350 2866 res
376 2807 412 2866 et
437 2795 539 2891 μιαρὰ
564 2821 639 2866 esse
657 2799 845 2879 videretur,
867 2797 895 2866 si
920 2798 1064 2887 impune
1093 2797 1214 2867 tulerit

165 2908 310 2982 AEneas.
363 2913 533 2982 Consulto
551 2916 670 3004 itaque
692 2915 777 2982 feeit
795 2913 973 3006 Virgilius,
993 2922 1034 2982 ut
1058 2914 1096 2981 in
1121 2914 1216 2982 futu-

165 3050 242 3094 rum
268 3029 419 3097 hominis
445 3030 638 3111 interitum,
657 3030 753 3119 quasi
781 3029 863 3098 laeto
884 3029 1040 3120 augurio,
1063 3031 1214 3121 erigeret

166 3142 355 3233 aliquando
372 3146 507 3213 animos
519 3156 545 3212 ¹¹.

712 3240 740 3292 si
752 3251 860 3311 tangere
873 3251 966 3310 portus

306 3327 450 3380 Infandum
464 3335 552 3396 caput,
566 3335 591 3378 et
603 3326 678 3378 terris
692 3325 789 3379 adnare
803 3345 908 3380 necesse
922 3335 969 3388 est,

306 3412 341 3464 Et
354 3413 391 3465 sic
403 3413 457 3465 fata
468 3413 485 3466 J
488 3413 544 3466 ovis
557 3420 680 3481 poscunt,
693 3412 737 3464 hic
749 3413 879 3465 terminus
892 3413 990 3474 haeret3

304 3499 342 3550 At
353 3498 422 3550 bello
435 3498 541 3551 audacis
554 3499 645 3566 populi
657 3507 767 3552 vexatus
780 3508 806 3551 et
818 3501 907 3561 armis,

237 3643 240 3649 Ι
307 3582 417 3636 Finibus
430 3585 549 3646 extorris
560 3585 699 3652 complexu
712 3585 820 3636 avulsus
835 3584 895 3647 Iuli,

306 3669 444 3722 Auxilium
456 3670 586 3738 imploret,
601 3668 739 3740 videatque
751 3660 861 3739 indigna
874 3688 984 3724 suorum

306 3754 409 3807 Funera
416 3777 424 3817 3
444 3773 492 3808 uec
505 3774 590 3825 quum
602 3773 630 3809 se
643 3755 693 3808 sub
706 3757 777 3824 leges
790 3757 862 3823 pacis
874 3756 974 3827 iniquae

304 3840 462 3904 Tradiderit,
475 3858 558 3911 regno
571 3850 617 3894 aut
628 3850 718 3910 optata
729 3843 787 3894 luce
799 3843 904 3896 fruatur
911 3865 919 3906 ;

306 3924 359 3978 Sed
372 3926 447 3980 cadat
460 3936 520 3980 aute
533 3926 611 3990 diem,
625 3927 763 3998 mediaque
775 3927 930 3982 inhumatus
943 3946 1031 3982 arena.

307 4011 374 4066 Haec
387 4030 494 4081 precor:
514 4013 582 4066 hanc
596 4031 688 4066 vocem
701 4023 845 4067 extremam
857 4032 919 4069 cum
933 4015 1064 4085 sanguine
1077 4016 1172 4071 fundo.

166 4125 296 4195 Divina
321 4150 404 4195 sane
428 4150 507 4209 vox,
526 4139 566 4196 ut
584 4151 660 4218 quae
687 4130 833 4219 prodeat
856 4153 901 4198 ex
922 4153 982 4199 ore
1009 4132 1213 4201 moriturae:

581 4332 597 4359 ¹¹
609 4323 676 4376 AEn.
690 4342 716 4388 4.
731 4322 792 4376 612.
