2768 4876
191 339 282 384 rann.
294 314 413 383 xxxurss
443 318 598 404 anmplc
610 319 673 402 croc
686 319 733 382 roi
746 319 834 403 apud
846 318 1030 383 mium.
1172 318 1233 387 671

193 493 270 562 nino
301 502 400 564 caret
430 492 613 584 exemplis,
643 515 725 584 quae
754 494 798 562 ad
830 494 1027 562 istiusmodi
1058 492 1237 564 solertiam

192 610 365 695 pertinere
400 608 597 677 videantur.
658 607 798 676 Multus
828 616 882 676 est
909 607 1058 697 quodam
1091 605 1169 676 loco
1202 619 1239 677 et

193 723 392 813 splendidus
409 725 446 794 in
459 723 683 816 depingendo
698 721 841 815 Magnae
856 723 985 793 Matris
1002 746 1120 804 sacr03
1145 733 1241 814 post-

190 857 291 926 quam
311 847 434 908 autem
452 839 544 907 bene
565 837 680 906 mult-a
702 838 750 906 ibi
777 850 987 916 narraverat,
1007 862 1083 928 quae
1100 861 1241 929 prorsus

187 953 418 1022 abhorrerent
435 977 456 1022 a
473 974 616 1023 suorum
638 953 804 1032 moribus,
825 953 943 1020 videte
961 975 1067 1042 quarn
1089 953 1243 1021 feliciter

177 1089 257 1138 rem
287 1069 471 1138 reduxerit
496 1069 540 1137 ad
568 1068 715 1138 affectus
740 1066 847 1136 hosce
871 1056 1090 1159 pervagatos,
1108 1070 1240 1158 positos

169 1185 304 1272 palam
338 1185 373 1252 in
404 1184 523 1252 medio
548 1184 732 1251 omnibus:
767 1183 861 1251 facta
884 1181 1050 1252 videlicet
1075 1185 1240 1274 pueritiae

163 1301 379 1381 mentione,
398 1302 543 1391 ejusque
561 1298 669 1376 lusus.
686 1301 746 1389 qui
765 1300 801 1367 in
819 1321 941 1367 omncs
959 1322 1086 1390 puoms
1103 1300 1237 1367 cadara

333 1442 386 1497 Hic
396 1453 497 1497 armata
509 1462 614 1506 manus,
629 1443 741 1497 Curetas
754 1443 863 1496 nornine
875 1442 948 1496 Graii

334 1531 409 1589 Quos
421 1540 570 1584 memorant
583 1529 723 1601 Phrygios,
736 1531 805 1583 inter
817 1547 845 1583 se
856 1530 924 1585 forte
937 1538 1042 1583 catenas

333 1617 451 1682 Ludunt,
463 1618 492 1670 in
504 1635 699 1689 numerumque
711 1619 830 1671 exultant
842 1617 972 1686 sanguine
984 1618 1053 1680 laeti3
1073 1625 1100 1669 et

239 1750 243 1756 .
332 1703 468 1756 Terrilicas
482 1702 599 1772 capitum
612 1702 759 1772 quatientes
772 1702 868 1756 vertice
881 1703 974 1756 cristas

331 1787 447 1842 Dictaeos
459 1788 577 1842 referunt
590 1786 710 1850 Curetas,
724 1789 770 1858 qui
782 1788 800 1840 J
802 1787 859 1841 ovis
871 1789 947 1841 illum

333 1875 459 1944 Vagitum
470 1875 499 1928 in
513 1874 592 1928 Creta
604 1873 739 1944 quondam
752 1876 898 1928 occultasse
911 1875 1042 1936 feruntur,

333 1960 403 2014 Cum
415 1961 490 2031 pueri
502 1963 603 2014 circum
615 1979 726 2031 puerum
741 1962 846 2031 pernice
859 1962 954 2015 chorea

331 2047 434 2100 Armati
447 2048 475 2100 in
487 2064 629 2101 numerum
642 2044 778 2116 pulsarent
791 2047 888 2102 aeribus
901 2065 963 2109 aera,

332 2132 374 2186 Ne
387 2132 519 2187 Saturnus
531 2151 588 2187 earn
602 2134 678 2187 malis
691 2133 828 2187 mandaret
840 2134 960 2203 adeptus,

330 2219 528 2291 AEtemumque
540 2219 613 2273 daret
625 2220 707 2274 Matri
719 2221 770 2274 sub
783 2230 888 2290 pectore
900 2222 1009 2274 vulnus,

239 2351 350 2420 Porro
377 2360 510 2431 antem,
528 2349 704 2444 Analogia
723 2352 807 2443 quid
834 2351 951 2420 valeat
977 2353 1013 2419 in
1040 2353 1239 2423 istiusmodi

169 2466 294 2548 nodo,
314 2475 390 2535 tum
412 2465 497 2535 alias
515 2466 670 2549 ostendit
691 2467 752 2535 ubi
773 2466 966 2535 abstrusior
987 2467 1028 2535 lit
1054 2490 1241 2560 argumen-

174 2585 291 2666 tatio,
322 2591 400 2652 tum
431 2582 623 2674 praesertim
650 2583 710 2652 ubi
742 2591 844 2651 terrae
873 2591 1000 2663 motus
1029 2583 1241 2654 calamitatis

177 2699 283 2791 apud
303 2697 455 2767 Romam
473 2699 584 2767 ferme
607 2697 808 2791 incognitae,
827 2696 1002 2766 afferenda
1026 2708 1101 2767 erat
1125 2724 1240 2779 causa,

180 2838 286 2884 ooeca
305 2824 490 2884 ventorum
506 2815 559 2883 vis
571 2808 590 2882 f.

616 2949 691 3008 Quas
703 2948 789 3003 exitus
802 2949 845 3002 hic
858 2949 955 3002 animai

334 3035 475 3090 Disturbat
487 3035 576 3100 urbes,
589 3044 615 3088 et
626 3036 716 3089 Terrae
728 3044 818 3089 motus
830 3036 957 3090 obortus!

334 3120 415 3179 Quod
427 3122 480 3176 nisi
490 3122 649 3192 prorumpit,
661 3131 751 3174 tamen
764 3122 879 3191 impetus
891 3121 947 3191 ipse
960 3121 1068 3174 Animal

333 3208 369 3262 Et
380 3209 435 3262 fera
447 3209 487 3263 ris
500 3208 572 3262 venti
584 3226 631 3277 per
643 3207 735 3261 crebra
745 3208 875 3261 foramina
887 3216 963 3261 terrae

333 3295 504 3364 Dispertitur,
517 3303 548 3348 ut
559 3294 661 3357 horror,
675 3302 700 3347 et
712 3294 808 3347 incutit
820 3293 882 3347 inde
894 3303 1045 3356 tremorem,

334 3380 429 3448 Frigus
442 3381 482 3433 uti
494 3389 601 3433 nostros
613 3380 719 3449 penitus
733 3397 795 3433 cum
807 3381 919 3434 venitin
931 3389 1014 3438 artus.

334 3466 460 3520 concutit
471 3466 568 3520 invitor
581 3483 679 3536 cogens
692 3473 804 3519 tremere
818 3475 896 3537 atque
908 3466 1016 3519 moveri.

253 3611 441 3702 Exquisite
475 3611 561 3680 illud
599 3613 743 3701 quidem
778 3612 924 3694 facturn,
959 3613 1053 3703 quod
1091 3613 1240 3705 rigorem

192 3728 310 3798 nescio
328 3750 434 3819 quem
451 3728 577 3797 tribuit
594 3728 670 3796 orbi
688 3737 870 3807 terrarum,
889 3736 1058 3818 tanquam
1075 3729 1218 3797 animali
1232 3750 1243 3810 ;

193 3868 233 3915 ac
250 3844 397 3937 proinde
415 3856 489 3913 rem
507 3843 717 3913 rarissimam
737 3851 775 3911 et
792 3843 1007 3913 inassuetam
1025 3866 1143 3911 coram
1163 3865 1243 3933 pro-

194 3959 290 4028 ducit
307 3957 578 4049 quodammodo,
597 3968 635 4026 et
653 3958 737 4049 ipsis
755 3980 853 4048 paene
870 3958 1029 4026 sensibus
1048 3957 1200 4047 subjicit.

243 4074 393 4154 Verum,
411 4082 452 4142 ut
470 4074 637 4155 diximus,
655 4073 748 4164 apud
773 4071 979 4141 Lucretium
1007 4073 1136 4141 rariora
1161 4081 1244 4140 sunt

334 4319 346 4348 e
361 4309 441 4363 Lucr.
450 4316 478 4362 '2.
492 4309 554 4381 629.
938 4309 948 4347 f
959 4309 986 4363 6.
998 4311 1059 4379 585.
