2768 4876
167 308 232 373 752
266 304 362 369 Verba
377 303 415 369 ad
428 304 596 369 dominibus
609 305 644 369 ia
651 304 785 389 pecudea
798 304 959 369 mnam.
989 326 1223 369 resumsit..

220 475 315 545 lllud
343 498 446 567 porro
471 478 508 545 in
534 475 601 546 boc
627 498 758 569 genere
784 477 839 547 vel
867 478 1085 570 praecipuum
1110 478 1219 550 babet

168 588 349 682 Virgilius,
367 588 461 678 quod
482 589 533 658 ita
555 589 681 681 saepius
701 588 827 660 festive
852 593 928 685 agit
950 614 1032 662 cum
1059 594 1220 663 animali·

167 704 234 773 bus
260 703 341 784 suis,
362 711 404 771 nt
430 702 542 795 magis
567 712 688 773 tamen
713 704 858 775 irrideat
882 729 946 776 nos
972 707 1216 790 homunculos,

167 840 319 910 qnorum
346 816 555 911 plerumque
580 840 695 888 mores
721 828 759 888 et
784 821 948 912 exempla
976 821 1217 893 similitudinis

167 936 281 1027 gratia
308 933 463 1003 adhibet.
517 931 709 1003 Attendite
737 935 783 1004 ad
811 958 890 1006 eam
923 937 1037 1028 operis
1070 946 1216 1029 partem,

167 1051 229 1121 ubi
247 1060 267 1089 “
279 1051 387 1119 fortes
404 1050 448 1119 ad
469 1057 584 1119 aratra
601 1051 794 1141 juvencos”
809 1051 973 1122 instituit.
1025 1052 1161 1123 Nonne
1177 1077 1217 1123 ea

167 1165 329 1236 consulto
348 1165 455 1235 verba
471 1165 582 1256 ponit,
601 1187 678 1257 quae
696 1166 836 1258 proprie
852 1167 1055 1257 pertineant
1073 1169 1119 1237 ad
1136 1169 1216 1238 ado-

168 1281 376 1351 lescentium
394 1279 613 1372 disciplinam
625 1278 661 1349 ii

305 1416 349 1471 'l'u
361 1433 429 1488 quos
442 1416 475 1470 ad
487 1416 600 1469 studium
611 1423 690 1487 atque
702 1433 783 1470 usum
794 1416 922 1471 formabis
933 1426 1076 1488 agrestem,

306 1502 324 1557 J
326 1520 370 1557 am
381 1503 480 1557 vitulos
492 1504 606 1566 Ιιονέανο,
618 1502 742 1574 viamque
753 1502 847 1557 insiste
859 1501 994 1567 domandi,

307 1589 383 1643 Dum
395 1589 484 1643 faciles
496 1589 578 1643 animi
583 1589 714 1657 juvenum,
728 1589 794 1643 dum
806 1588 912 1643 mobiba
923 1596 996 1643 atas.

167 1703 307 1773 Deinde
334 1713 414 1796 post
439 1703 559 1796 paullo
580 1701 704 1797 prdem
729 1712 832 1772 vocat
857 1701 1087 1773 indomitam:
1111 1704 1216 1795 jubet

166 1820 342 1889 “servitio
367 1819 479 1889 libem
500 1820 591 1888 inuri
617 1817 738 1889 colla.'’
781 1818 909 1912 Tangit
924 1817 979 1888 bis
996 1821 1108 1889 tacite
1125 1842 1216 1888 arro-

164 1942 290 2028 gantes
316 1947 560 2028 protervorum
588 1933 772 2004 bominum
799 1955 996 2003 sermones:
1027 1933 1214 2026 significat,

165 2048 215 2117 nil
241 2052 330 2120 adeo
357 2050 533 2122 laudabile
560 2058 598 2120 et
623 2071 790 2142 magnum
818 2048 903 2129 fieri,
930 2048 1024 2139 quod
1054 2048 1153 2142 leges
1180 2057 1217 2119 et

164 2165 351 2257 imperium
370 2174 544 2249 recusent,
563 2188 645 2236 cum
664 2164 759 2235 idem
778 2165 908 2234 iaciant
926 2185 1113 2233 vaccarum
1131 2186 1216 2255 quo·

165 2303 234 2370 que
250 2280 324 2351 lilii.
876 2348 879 2353 .

215 2396 319 2479 Quod
351 2398 458 2487 siquis
488 2420 525 2466 se
554 2396 693 2488 plenius
724 2394 895 2486 ejusmodi
925 2393 1005 2464 lusu
1037 2392 1215 2464 delectare

165 2511 262 2592 velit,
280 2512 385 2582 adeat
409 2533 536 2581 censeo
562 2509 817 2602 lepidissimum
843 2509 888 2578 de
913 2507 1037 2599 apibus
1064 2530 1215 2590 carmen,

165 2649 235 2718 quo
257 2626 512 2720 Georgicorum
540 2627 646 2696 series
672 2624 858 2695 clauditur.
912 2608 1025 2705 Nihil,
1050 2647 1096 2693 ne
1121 2625 1214 2716 apud

165 2743 357 2836 Virgilium
383 2744 539 2834 quidem,
564 2750 637 2810 tam
663 2741 804 2832 penitus
823 2738 1072 2832 Virgiliannm.
1121 2737 1214 2807 Con·

165 2867 235 2928 stat
260 2866 380 2928 autern
398 2859 451 2926 vis
476 2857 551 2948 ejus
572 2865 610 2926 et
636 2857 735 2936 ratio,
759 2876 925 2947 magnam
951 2861 1101 2945 partem,
1119 2875 1216 2922 com-

164 2975 345 3064 paratione
376 2974 538 3064 quadam,
567 2975 636 3063 qna
669 2971 763 3039 inter
796 2992 834 3039 se
868 2969 1099 3039 conferuntur
1133 2969 1215 3038 hinc

165 3088 405 3158 Romanorum
434 3087 531 3157 illinc
557 3109 664 3178 apum
694 3086 907 3177 magnanimi
934 3085 1052 3169 duces,
1083 3084 1212 3176 populi,

164 3203 292 3294 praelia.
357 3201 453 3272 Hinc
487 3200 752 3271 bellicosissima
785 3199 855 3281 illa,
890 3200 1079 3289 sonituque
1112 3220 1213 3292 gran-

164 3317 306 3387 dissime
318 3327 346 3387 ¹¹.

306 3437 355 3492 Sin
366 3447 455 3492 autem
467 3438 500 3491 ad
513 3456 633 3509 pugnam
644 3437 755 3492 exierint
768 3437 842 3503 (nam
855 3453 925 3505 saepe
938 3433 1044 3487 duobus

305 3523 424 3594 Regibus
436 3524 544 3578 incessit
556 3541 655 3595 magno
668 3522 799 3577 discordia
811 3520 898 3586 motu)

306 3610 494 3682 Continuoque
506 3610 609 3664 animos
621 3610 704 3680 vulgi,
718 3617 744 3662 et
756 3606 913 3678 trepidantia
924 3605 995 3660 bello

306 3695 395 3749 Corda
405 3696 467 3749 licet
478 3696 558 3765 longe
569 3695 743 3765 praesciscere,
756 3710 870 3764 namque
881 3699 1016 3745 morantes

306 3781 420 3836 Martius
432 3782 484 3836 illae
496 3783 556 3836 aeris
568 3782 642 3836 rauci
653 3799 734 3836 canor
746 3781 873 3849 increpat,
885 3787 911 3832 et
923 3795 976 3831 vox

305 3866 531 3922 Auditur'iractos
545 3868 648 3921 sonitus
661 3867 762 3921 imitata
774 3865 909 3919 tubarum.

308 3994 331 4007 ..
343 3993 349 4007 .
360 3954 446 4008 ,Tum
459 3953 527 4007 circa
539 3971 629 4023 regem
641 3962 720 4023 atque
732 3953 789 4021 ipsa
801 3949 834 4005 ad
847 3948 970 4020 praetoria
982 3947 1073 4001 densae

307 4038 464 4103 Miscentur,
476 4041 633 4110 magnisque
645 4047 741 4094 vocant
753 4035 913 4092 clamoribus
925 4035 1039 4088 hostem.

235 4191 246 4227 t
261 4189 353 4257 Georq.
367 4206 392 4258 3.
409 4189 467 4259 163.
876 4197 891 4225 ¹¹
905 4185 972 4240 ibid.
986 4203 1012 4252 4.
1026 4183 1070 4256 67.
