2768 4876
169 317 232 378 404
283 315 332 380 Dc
353 313 475 380 Umbris
488 324 672 380 mortuorum
686 315 773 401 apttd
785 315 1011 402 Sdokrporma:
1037 332 1134 380 rann.
1148 338 1216 380 xxr.

224 487 308 558 “At
336 488 441 571 enim,
471 490 501 558 is
533 498 665 573 noster,
692 490 753 582 qui
782 488 870 558 nihil
900 511 1056 581 unquam
1080 490 1215 581 jejune,

168 604 400 696 Shaksperus,
427 627 497 674 uon
527 605 703 675 dubitavit
733 605 862 697 saepius
892 606 929 674 in
959 628 1100 676 scenam
1131 608 1216 676 mit·

167 730 243 792 tere
276 731 495 792 mortuorum
527 723 668 794 umbras
698 745 865 815 corporea
892 724 1043 814 quadam
1076 724 1220 823 specior

167 837 252 929 quin
278 846 316 908 et
345 861 409 930 per
437 839 579 909 easdem
608 861 777 931 peragere
805 862 877 909 non
912 862 1033 931 pauca,
1062 862 1140 930 quae
1169 841 1214 910 ad

167 953 365 1024 fabularum
388 977 563 1024 summam
589 955 765 1047 praecipue
794 954 1047 1046 pertinerent.”
1098 955 1217 1025 Immo

168 1093 260 1152 vero,
278 1071 434 1162 quisquis
456 1093 494 1141 se
514 1072 607 1141 tueri
624 1070 712 1141 velit
729 1071 942 1140 auctoritate
967 1071 1095 1140 summi
1122 1071 1217 1142 illius

168 1187 241 1268 viri,
267 1186 297 1256 is
323 1186 466 1256 omnino
496 1210 639 1258 necesse
666 1195 721 1256 est
746 1208 851 1278 parce
876 1209 917 1256 ac
944 1189 1152 1267 verecunde,
1176 1197 1217 1257 ut

166 1296 359 1384 iadicem,
378 1312 460 1396 agat
482 1325 564 1373 cum
589 1303 750 1372 mortuis.
803 1301 940 1385 Quater
962 1304 1078 1383 modo,
1097 1304 1124 1372 si
1142 1326 1218 1372 me-

166 1417 265 1501 mini,
307 1427 381 1487 tam
422 1417 528 1512 longa
564 1417 827 1510 Tragoediarum
868 1418 968 1499 serie,
1014 1417 1217 1510 Shakspero

166 1532 300 1624 placuit
324 1533 466 1604 umbras
492 1533 664 1625 ejusmodi
692 1534 860 1603 excitare.
915 1532 1113 1603 Notissima
1133 1542 1217 1603 sunt

166 1652 340 1744 exempla,
371 1653 502 1744 quippe
531 1675 609 1744 quaa
643 1650 780 1745 singula
814 1651 1017 1743 pertineant
1051 1652 1095 1720 ad
1129 1673 1218 1742 opus

165 1766 307 1860 aliquod
337 1769 413 1860 ejus
446 1769 663 1860 primarium.
721 1767 852 1848 Primo,
883 1767 1063 1837 exsomnis
1096 1773 1217 1857 stupet

165 1882 378 1976 Tyrannum,
405 1884 489 1955 visis
519 1884 653 1954 scilicet
682 1906 746 1975 per
776 1890 918 1952 noctem
948 1903 1071 1950 eorum
1098 1879 1216 1949 Mani-

164 1999 241 2082 bur,
266 2022 355 2091 quos
380 2001 455 2091 ipse
481 2000 659 2069 occiderat
684 1998 867 2069 innoxios:
897 1999 964 2090 ipsi
992 1999 1217 2090 prodeuntes,

165 2115 288 2185 ordine
311 2116 459 2208 quisque
489 2138 563 2198 suo,
589 2115 673 2185 diris
697 2137 779 2183 eum
805 2121 1066 2206 prosequuntur
1091 2113 1218 2182 omini-

165 2233 241 2316 bus,
275 2232 420 2302 inimico
454 2233 529 2325 ejus
563 2232 679 2302 fausta
713 2232 832 2301 omnia
865 2239 1065 2322 precantur.
1126 2229 1216 2313 Quis

165 2372 237 2419 non
271 2351 378 2429 videt,
412 2350 468 2442 agi
502 2349 561 2418 hic
592 2349 637 2418 de
671 2349 808 2418 somnio
843 2346 1013 2416 divinitus
1046 2346 1215 2429 immisso,

162 2466 270 2557 ¹quale
299 2466 467 2537 accidisse
497 2464 712 2557 perturbatis
737 2487 780 2534 eo
806 2472 968 2554 tempore
993 2463 1119 2532 animis
1145 2485 1216 2531 uon

166 2582 295 2652 desunt
307 2581 425 2651 idonei
441 2580 573 2650 testes?
612 2579 718 2664 Quod
736 2587 857 2649 autern
874 2578 1046 2671 imagines
1062 2579 1141 2647 istae
1155 2602 1218 2648 ex-

166 2706 312 2792 surgant
337 2696 482 2790 singulae
504 2719 621 2766 coram
649 2695 792 2788 populo,
809 2694 903 2785 quod
930 2690 1072 2764 auribus
1090 2693 1218 2763 oculis·

165 2837 235 2906 que
253 2837 290 2885 se
306 2813 485 2906 praebeant
502 2811 705 2894 noscendas,
720 2813 812 2903 sapit
829 2810 917 2879 illud
935 2810 1079 2900 quidem
1096 2811 1218 2879 incon-

167 2930 283 3000 ditum
300 2928 431 3020 aliquid
458 2951 499 2998 ao
525 2927 624 3009 rude,
642 2927 702 2997 sed
721 2934 842 2995 tamen
864 2924 983 2993 nescio
1009 2947 1054 2993 an
1077 2946 1120 2994 ea
1143 2925 1217 2995 sola

166 3043 302 3114 ratione
320 3045 439 3114 divina
464 3042 591 3113 somnii
613 3041 665 3111 vis
690 3041 911 3109 innotescere
937 3039 1103 3128 potuerit.
1147 3037 1217 3109 His

165 3162 428 3231 adnumeranda
449 3168 516 3241 est,
537 3181 615 3250 quae
639 3155 826 3227 Maobethi
852 3153 1010 3246 epulanti
1036 3163 1216 3246 apparet¹,

165 3273 291 3342 umbra
317 3272 470 3342 hominis
495 3296 516 3343 a
542 3295 580 3342 se
607 3271 849 3342 crudelissime
874 3270 1091 3363 interempti,
1117 3281 1218 3342 muta

166 3410 315 3479 prorsus,
327 3396 364 3458 et
377 3387 466 3458 nulli
483 3397 615 3480 praeter
630 3388 746 3479 ipsum
762 3387 926 3457 videnda:
951 3409 1021 3477 quo
1035 3389 1119 3457 satis
1132 3412 1216 3458 con·

166 3510 248 3585 stet,
260 3526 388 3595 purum
406 3505 441 3574 id
456 3527 532 3576 esse
544 3504 755 3598 figmentum
772 3494 903 3573 mentis
921 3503 1048 3573 misere
1066 3513 1216 3575 aestuna-

167 3620 213 3689 tis
233 3620 448 3691 conscientia
473 3619 658 3703 scelerum,
683 3643 753 3690 non
779 3629 900 3690 autem
922 3620 1051 3689 debere
1077 3622 1214 3690 ostendi

167 3732 402 3824 spectantium
421 3734 542 3815 oculis,
559 3755 649 3802 neve
667 3733 839 3802 nominari
857 3732 1001 3822 quidem
1023 3733 1116 3800 inter
1137 3754 1217 3823 per·

166 3869 268 3918 sonas
278 3847 485 3941 Tragoediae.
537 3848 686 3929 &Tertio
701 3847 853 3916 Brutum
872 3848 1082 3917 moriturum
1097 3847 1216 3918 Caesar

167 3964 286 4034 invisit
303 3973 475 4049 mortuus,
493 3965 667 4034 duntaxat
687 3974 728 4034 ut
749 3966 817 4034 tria
843 3965 950 4034 verba
971 3963 1088 4046 faciat,
1115 3973 1153 4034 et
1179 3964 1214 4032 in

272 4264 288 4293 ¹¹
307 4256 585 4327 Richard111.‚iii.3.
858 4265 869 4287 ¹
887 4256 1017 4319 Marcelle,
1032 4256 1067 4308 iii.
1081 4275 1106 4320 4.

549 4353 563 4390 l
574 4344 662 4397 Julius
676 4343 773 4406 Caercr,
786 4344 821 4398 iv.
835 4359 860 4414 3.
