2768 4876
163 329 229 394 778
247 326 393 390 Mamm
405 324 598 388 vetustiorum
609 322 734 385 nentina
745 321 822 406 quid
831 321 961 385 vehant.
979 343 1215 386 rannxxxvrn.

164 499 235 568 ime
261 521 342 567 cum
367 503 505 565 constet
535 494 674 564 indiciis
701 493 847 564 minime
871 494 996 572 dubiis,
1021 494 1214 562 insuevisse

167 613 257 682 Eum
277 610 539 704 quodammodo
556 611 661 680 certis
686 608 782 690 locis,
800 617 908 699 atque
926 610 986 678 ubi
1005 608 1117 677 semel
1135 633 1212 698 pro·

165 733 335 821 pinquum
371 751 408 799 se
442 726 666 818 praestiterat,
698 727 821 795 eodem
858 725 1069 817 plerumque
1105 727 1212 794 serius

165 868 271 936 ocyus
305 844 429 913 redire.
481 841 577 924 Quid
607 841 744 911 multa?
777 841 915 933 experti
946 842 1088 922 scimus,
1117 841 1213 910 nulla

166 961 276 1029 ferme
293 983 331 1028 re
348 966 422 1027 tam
440 958 581 1049 penitus
607 957 757 1026 insidere
783 959 820 1025 in
841 958 1020 1025 mentibus
1043 966 1152 1048 atque
1178 959 1212 1024 in

165 1076 349 1146 affectibus
372 1073 556 1142 hominum
583 1074 840 1165 praesentissimi
865 1072 1034 1142 Numinis
1060 1097 1210 1154 sensum,

165 1215 270 1282 quarn
298 1190 453 1258 locorum
473 1188 662 1281 religione:
690 1212 794 1280 quarn
813 1189 901 1258 adeo
919 1212 999 1258 suos
1018 1190 1137 1258 doceri
1156 1214 1213 1258 cu-

166 1308 255 1375 ravit
290 1305 374 1373 olim
406 1304 600 1373 Prudentia
634 1305 795 1385 caelestis,
824 1305 880 1374 vel
914 1305 1069 1396 ipsorum
1107 1305 1212 1372 etiam

166 1423 347 1490 nominum
367 1421 511 1499 ratione,
530 1421 656 1511 quibus
682 1419 850 1512 appellari
872 1420 985 1512 Ipsius
1007 1421 1112 1512 jussu
1138 1442 1213 1510 pas-

165 1538 231 1605 sim
250 1536 400 1628 legimus
417 1543 454 1603 et
472 1535 567 1605 vicos
585 1543 622 1604 et
639 1537 811 1628 regiones
851 1535 970 1605 Nemo
988 1537 1082 1605 enim
1102 1535 1213 1604 nescit

166 1675 341 1721 sacrarum
364 1651 544 1720 literarum
574 1653 755 1743 interpres,
775 1660 907 1742 quanta
923 1675 1001 1743 pars
1020 1651 1115 1720 illius
1134 1652 1213 1720 doc-

165 1769 265 1837 trinae
295 1776 447 1859 ponatur
480 1769 516 1836 in
547 1768 718 1858 ejusmodi
747 1768 1005 1858 quaestionibus.
1061 1767 1215 1836 Creden-

166 1884 250 1953 dum
269 1886 400 1975 itaque,
418 1907 463 1952 ex
487 1883 540 1953 his
564 1883 739 1976 germanis
758 1885 918 1975 verisque
936 1883 1113 1952 effluxisse
1131 1907 1215 1975 quo-

166 2000 354 2070 dammodo
366 1998 582 2092 Virgilianae
600 1999 676 2068 illas
691 2000 1030 2091 ,umbrasfietasque
1048 2007 1085 2068 et
1105 2000 1216 2067 nomi-

166 2140 252 2184 num
276 2126 312 2184 et
337 2115 494 2184 locorum
516 2115 720 2208 religiones:
752 2139 898 2207 quarum
917 2115 1000 2184 licet
1017 2114 1124 2208 longe
1142 2115 1216 2184 lon-

166 2256 281 2325 geque
303 2232 347 2300 sit
374 2229 517 2299 inferior
534 2240 570 2298 et
589 2230 741 2323 dignitas
764 2239 801 2299 et
827 2230 1064 2322 pulchritudc,
1081 2230 1215 2300 habent

167 2356 298 2425 tamen,
321 2346 413 2436 quod
442 2345 530 2414 mire
562 2353 784 2416 commoveat
810 2346 956 2428 animos,
977 2369 1059 2414 cum
1084 2355 1121 2414 et
1149 2345 1214 2415 loci

167 2462 273 2531 fidem
292 2461 474 2552 portentis,
491 2469 527 2528 et
545 2467 709 2551 portenta
726 2460 812 2530 locis
829 2460 960 2530 addant
979 2458 1213 2528 formidinem.

219 2576 313 2645 Illud
340 2585 460 2645 autem
485 2575 667 2657 eximium,
692 2577 719 2645 si
745 2576 835 2644 forte
858 2576 1034 2657 acciderit,
1053 2583 1094 2643 ut
1117 2578 1214 2645 caeri-

168 2693 294 2762 moniis
317 2702 354 2760 et
382 2692 573 2783 originibus
601 2692 722 2783 patriae
748 2690 890 2782 propius
917 2691 1143 2782 implicentur
1167 2690 1216 2759 lo-

168 2832 287 2877 corum
313 2808 490 2876 mernoriae
519 2830 560 2875 ac
587 2808 738 2875 nomina.
791 2805 871 2888 Quo
898 2808 934 2875 in
962 2828 1091 2898 genere
1118 2806 1214 2886 nihil,

168 2926 282 3007 credo,
304 2924 411 2992 habet
436 2923 636 3012 antiquitas
659 2923 752 3012 quod
780 2931 841 2991 aut
868 2920 981 2990 simile
1005 2922 1050 2988 sit
1076 2930 1139 2990 aut
1165 2946 1216 2990 se-

168 3042 322 3109 cundum
353 3038 593 3107 laudatissimo
625 3037 677 3108 illi
708 3039 751 3105 de
783 3037 947 3106 Evandro
975 3038 1115 3127 situque
1147 3037 1217 3104 Ro-

168 3179 279 3224 manae
316 3156 409 3223 urbis
443 3155 599 3223 cannini.
652 3152 782 3243 Neque
819 3175 900 3222 vero
935 3153 1128 3242 quidquam
1168 3153 1216 3222 ibi

167 3272 275 3340 habet
308 3292 465 3339 summus
493 3267 632 3351 artifex,
658 3270 751 3361 quod
779 3268 890 3361 magis
919 3268 1083 3350 delectat,
1111 3293 1215 3360 quam

168 3387 262 3477 quod
289 3385 472 3477 paullatim
496 3408 532 3452 se
555 3386 589 3452 in
609 3385 714 3454 altius
733 3385 846 3476 erigat
864 3384 985 3465 oratio,
1004 3386 1215 3476 propiusque

168 3502 313 3570 accedat
336 3500 380 3568 ad
407 3521 580 3567 summam
607 3497 703 3567 illam
731 3521 771 3567 ac
798 3497 1024 3567 celsissimam
1053 3500 1214 3589 majesta-

169 3625 253 3684 tem.
307 3615 466 3682 Primum
484 3613 662 3694 videlicet,
680 3615 731 3682 ait
749 3613 935 3682 Evandrus
947 3623 973 3694 P,

311 3743 377 3797 Haec
390 3761 498 3796 nemora
509 3742 642 3812 indigenae
656 3744 739 3796 Fauni
751 3740 939 3813 Nymphaeque
951 3741 1077 3795 tenebant
1089 3764 1094 3795 :

168 3861 401 3930 semideorum
436 3857 555 3947 potius
590 3880 696 3948 quam
726 3857 884 3926 Deorum
916 3857 1021 3926 natio.
1077 3856 1213 3925 Deinde

167 3981 363 4044 memorata
380 3972 578 4042 Carmentis
596 3982 670 4042 tam
689 3997 747 4042 ara
765 3996 870 4065 quam
888 3980 1021 4064 portas,

309 4101 384 4152 Vatis
398 4100 519 4164 fatidicae,
533 4102 627 4155 cecinit
640 4119 699 4172 quae
712 4102 797 4171 prima
811 4102 915 4155 futuros

309 4186 443 4239 AEneadas
457 4205 578 4256 magnos,
592 4198 617 4241 et
630 4189 719 4243 nobile
733 4189 917 4249 Pallanteum3

237 4342 247 4371 ¹³
261 4333 328 4384 AEa.
343 4333 367 4384 8.
382 4349 442 4401 314.
906 4331 998 4383 urbia.
1013 4347 1074 4399 340.
