2768 4876
174 323 240 392 678
291 323 1214 408 Dantemss'nwliciiwmmcatocssmmawnauxxxnn

175 495 284 579 linita,
302 496 461 579 obscura,
479 496 587 565 verbo
604 496 730 577 dicam,
749 518 792 565 ea
808 518 885 586 quae
906 494 1076 564 dicuntm
1101 523 1220 574 μυστη-

172 609 240 704 ρία,
258 620 320 680 aut
338 610 459 703 arripit
477 611 706 693 occurrentia,
725 617 787 681 aut
804 608 927 702 procul
947 609 1024 679 visa
1040 616 1199 678 venatur.

223 725 306 795 Jam
324 749 370 797 ue
387 725 482 796 dicat
505 725 631 817 aliquis
650 727 759 796 fuisse
782 727 819 796 id
838 723 1006 795 Lucretio
1032 725 1221 815 proprium,

173 862 254 909 curn
277 863 426 934 magnus
443 850 536 912 esset
558 843 595 911 iu
618 841 769 933 simplici
794 839 855 910 illo
878 861 1019 932 genere,
1037 847 1080 908 ut
1098 837 1223 909 lubens

173 964 293 1025 tamen
327 956 474 1026 saltibus
508 965 545 1026 et
579 956 755 1048 sylvarum
795 954 983 1025 involucris
1022 954 1223 1039 frueretur3

172 1070 257 1161 quid
274 1072 303 1141 si
320 1071 465 1154 docebo,
483 1071 556 1142 tale
572 1071 706 1163 aliquid
724 1072 882 1141 evenisse
898 1070 992 1162 opud
1009 1068 1123 1139 alium
1139 1093 1224 1161 quo·

172 1208 243 1277 quc
261 1187 421 1270 Poetam,
439 1189 499 1280 qui
523 1189 684 1280 proxime
709 1188 869 1257 omnium
894 1193 1040 1279 tangere
1059 1185 1224 1256 videatur

173 1300 392 1386 Lucretium,
418 1304 512 1395 quod
542 1303 586 1372 ad
614 1325 657 1372 ea
681 1303 823 1384 attinet,
849 1324 930 1393 quae
957 1300 1109 1370 obscura
1138 1308 1222 1371 suut

172 1425 210 1486 et
226 1417 388 1490 infinita?
423 1418 591 1512 Intelligo
606 1417 852 1488 Florentinum
867 1416 984 1495 Illum,
999 1415 1132 1508 triplici
1149 1438 1223 1485 car-

171 1533 267 1602 mine
287 1532 453 1615 nobilem,
472 1533 515 1604 de
536 1531 667 1624 triplici
692 1539 913 1602 mortuorum
939 1539 1046 1602 statu.
1100 1530 1222 1615 Quan-

171 1656 210 1716 to
237 1647 298 1717 ille
323 1650 376 1718 vir
406 1648 697 1742 splendidissimae
728 1644 895 1718 Poeseos'
911 1655 1082 1738 apparatu
1110 1649 1222 1717 varia·

172 1762 263 1831 verit
288 1763 563 1832 instrumentum
588 1763 672 1833 satis
698 1784 762 1854 per
789 1784 826 1832 sc
855 1759 959 1844 exile,
984 1761 1115 1852 partim
1144 1784 1222 1830 mu·

171 1879 322 1947 sicorum
352 1880 547 1960 modomm,
571 1878 904 1969 partim-radiorum
931 1897 1094 1968 supernae
1124 1874 1221 1960 lucis,

171 1994 300 2084 partim
330 1995 448 2065 nescio
478 2017 547 2085 quo
577 1993 662 2062 orbe
695 1993 842 2063 mirifice
877 1992 1093 2074 saltantium,
1121 1993 1222 2062 novit

170 2110 420 2201 unusquisque,
450 2111 511 2202 qui
545 2109 667 2202 primis
692 2110 799 2179 modo
833 2108 939 2178 labris
973 2107 1111 2178 fontem
1146 2108 1221 2200 ejus

170 2224 275 2316 plane
288 2226 447 2295 divinum
463 2225 629 2295 hauserit.
672 2226 797 2316 Atque
809 2234 852 2294 ut
864 2247 907 2295 ea
923 2224 997 2295 solu
1012 2245 1218 2305 memorem,

171 2363 250 2430 quae
265 2342 309 2411 ad
323 2340 502 2410 caelestem
518 2339 652 2409 Lucem
668 2341 868 2434 pertiuent3
890 2339 994 2432 quale
1010 2339 1111 2422 illud,
1125 2339 1218 2430 quod

170 2453 284 2547 Virgo
301 2454 550 2536 laudatissima,
568 2477 639 2546 qua
659 2456 750 2525 duce
775 2479 902 2527 usurus
925 2464 1000 2525 erat
1017 2453 1133 2524 Poeta
1157 2475 1219 2544 per

169 2570 348 2661 regionem
371 2571 564 2650 beatorum,
587 2569 829 2639 oculis'modo
855 2572 892 2639 in
919 2569 1038 2639 Solem
1065 2569 1160 2651 fixis,
1180 2575 1217 2636 et

168 2684 269 2754 illum
287 2695 425 2754 mutare
442 2687 560 2777 potuit
576 2694 614 2754 et
630 2687 668 2754 iu
686 2684 810 2754 caelum
828 2688 904 2777 ipsa
916 2685 1003 2755 eniti
1014 2683 1060 2751 ¹¹¹!
1110 2682 1217 2767 Quid,

168 2802 263 2892 quod
292 2803 358 2893 piae
388 2803 557 2892 cujusque
582 2802 707 2870 auimae
737 2824 878 2871 accessu
904 2801 1020 2869 rident
1047 2800 1219 2890 quodam-

167 2918 283 2998 modo,
303 2919 330 2986 si
354 2918 440 2986 fides
467 2916 603 3000 Poetae,
626 2940 787 3008 novaque
811 2939 848 2987 se
869 2916 949 2986 luce
966 2917 1125 2986 vestiunt
1149 2917 1219 2985 siu-

167 3032 259 3124 gulae
284 3041 360 3100 tum
388 3031 499 3101 stellae
524 3041 602 3101 tum
630 3032 841 3102 Sanctorum
862 3055 1001 3123 quoque
1026 3029 1218 3101 umbraert

168 3146 287 3228 Quid?
313 3157 556 3217 commentum
581 3147 671 3216 illud
696 3148 872 3241 singulare
889 3149 934 3216 de
952 3146 1070 3216 Ohoro
1093 3146 1217 3216 beato-

167 3285 245 3330 rum
285 3262 460 3344 Manium,
496 3266 556 3355 qui
591 3263 689 3333 velut
726 3265 840 3334 sidera
874 3264 1032 3356 quadam
1072 3285 1217 3356 compo-

167 3387 299 3447 nuntur
326 3403 419 3449 nuuc
445 3382 481 3449 in
508 3379 650 3470 Aquilae
673 3402 767 3448 nunc
792 3380 829 3447 in
851 3378 1000 3449 Oorouae
1026 3378 1178 3447 formam
1189 3389 1217 3460 ⁰,

166 3516 283 3562 nonne
305 3495 439 3584 optime
461 3495 647 3564 convenire
666 3493 805 3563 videtur
822 3517 904 3563 cum
922 3493 1063 3563 excelsa
1085 3492 1149 3562 illa
1173 3517 1215 3564 ac

165 3610 350 3699 purissima
367 3608 445 3678 caeli
462 3609 629 3702 regione?
678 3608 765 3680 Dies
782 3609 941 3701 profecto
957 3632 1015 3678 me
1034 3608 1213 3691 deficeret,

166 3732 364 3793 narrantem
384 3725 501 3793 omnia
518 3748 597 3815 quae
624 3725 732 3794 habet
758 3726 930 3816 ejusmodi
948 3723 1133 3793 Comoedia
1154 3723 1215 3794 illa

165 3863 246 3909 vere
267 3838 406 3909 Divina.
459 3841 516 3909 Ex
542 3842 668 3932 quibus
695 3841 861 3911 effectum
888 3848 952 3920 est,
975 3847 1016 3908 ut
1043 3862 1113 3930 qua
1140 3863 1213 3910 ma·

165 3957 253 4025 teria
277 3957 477 4046 turpissime
501 3956 571 4026 labi
592 3956 703 4026 soleat
727 3957 853 4049 vulgus
876 3956 1097 4047 scriptorum,
1116 3957 1155 4026 in
1171 3978 1211 4026 ea

196 4196 219 4224 m
233 4188 329 4252 nante,
344 4189 482 4253 Parnaco,
498 4207 521 4242 2.
537 4151 649 4261 22430.
663 4202 688 4246 a
701 4193 772 4247 nisi.
915 4201 931 4228 n
944 4191 976 4244 u.
989 4209 1017 4260 g.
1031 4191 1099 4244 rosa.
1112 4203 1140 4257 5.
1153 4189 1209 4244 106.

164 4273 257 4328 ⁰lbid.
273 4277 313 4329 18.
328 4277 465 4330 roo-108
473 4297 481 4339 ;
504 4293 545 4329 10.
559 4277 602 4342 64.
942 4317 945 4320 »
