2768 4876
167 354 261 396 rami„
273 355 375 396 xxvn.
408 332 588 398 Pindarum
602 355 669 398 οιιιιι
682 331 874 420 optimatibus
887 334 1017 399 amico.
1148 339 1209 401 541

167 527 304 574 versam
332 505 508 575 fortunam
538 507 684 576 accedet
707 505 768 597 qui
794 527 876 574 vere
905 506 1037 596 poterit
1063 507 1131 578 ista
1156 531 1213 576 ca-

166 629 294 690 uere⁸t
334 645 336 650 ·

659 714 789 772 celfridum
835 755 839 764 ·

309 800 410 858 ἀπλάας
421 802 486 868 ζωᾶς
496 801 667 873 ἐφαπτοίμαν,
679 802 763 857 θανὼν
774 803 808 858 ὣς
818 803 895 857 παισὶ
907 802 982 859 κλέος

307 889 342 958 μὴ
355 891 384 943 τδ
397 887 537 960 δύσφαμον
547 890 692 960 προσάψω·
710 891 812 960 χρυσὸν
824 893 950 960 εὔχονται,
960 891 1082 946 πεδίονδ’
1096 891 1177 964 έτεροι

307 974 457 1045 ἀπέραντον·
477 975 529 1045 ἐγὼ
541 974 563 1029 δ’
576 975 668 1032 ἀστοῖς
679 976 747 1030 ἀδάιν
759 976 800 1029 καλ
812 976 887 1046 χθονὶ
898 979 958 1047 γυῖα
970 974 1121 1048 καλύψαιμ’,

308 1060 398 1114 αίνέων
409 1061 506 1129 αίνητδ,
517 1062 625 1132 μομφὰν
637 1060 660 1115 δ’
673 1062 830 1131 ἐπισπείρων
841 1061 965 1132 ἀλιτροῖς.

217 1173 324 1256 Quod
343 1173 371 1242 si
388 1174 518 1243 nimius
535 1175 714 1243 interdum
732 1196 808 1244 esse
826 1175 986 1244 videatur
1006 1177 1043 1245 in
1068 1177 1213 1248 laudan-

170 1289 219 1358 dis
237 1289 381 1370 divitiis,
400 1296 437 1357 at
453 1290 505 1358 ita
521 1298 642 1358 tamen
668 1289 799 1372 laudat,
818 1300 859 1360 ut
876 1315 991 1383 neque
1012 1295 1127 1386 sperni
1154 1319 1212 1365 eas

168 1427 282 1496 neque
300 1405 454 1473 adamari
472 1404 517 1474 ab
534 1404 596 1473 illo
614 1405 744 1475 dixeris
756 1401 782 1474 b.

308 1525 331 1578 εί
343 1525 371 1578 δὲ
383 1527 432 1596 νόιρ
444 1547 484 1580 τις
494 1526 549 1594 ἔχει
562 1526 660 1580 θνατῶν
671 1525 792 1582 ἀλαθείας
803 1524 872 1590 άδον,
884 1527 935 1597 χρὴ
947 1529 1013 1598 πρὸς
1023 1529 1143 1600 μακάρων

306 1611 456 1681 τυγχάνοντ’
470 1611 499 1665 εὖ
510 1614 653 1684 πάσχεμεν·
672 1612 768 1666 άλλοτε
781 1611 803 1666 δ’
815 1613 920 1666 ἀλλοῖαι
931 1615 1007 1667 πνοαὶ

306 1698 437 1768 ὑψιπετᾶν
449 1698 555 1767 ἀνέμων·
574 1699 656 1764 ὄλβος
667 1698 713 1753 οὒκ
726 1699 752 1755 ές
763 1700 861 1770 μακρὸν
872 1700 971 1770 ἀνδρῶν
982 1701 1085 1772 ἔρχεται

308 1783 337 1840 δς
347 1785 430 1840 πολύς
441 1783 491 1839 εὖτ’
505 1785 536 1839 δν
548 1785 697 1857 ἐπιβρίσαις
708 1785 806 1854 ἕπηται.

307 1873 417 1941 σμικρὸς
428 1872 455 1926 έν
467 1875 595 1943 σμικροῖς,
608 1871 688 1944 μέγας
700 1872 727 1926 ἐν
738 1874 861 1943 μεγάλοις

306 1959 428 2028 ἔσσομαι·
447 1960 493 2012 τὸν
504 1958 648 2029 ἀμφέποντ’
662 1957 710 2012 αίεὶ
723 1960 824 2029 φρασίν

307 2043 403 2113 δαίμον’
415 2043 524 2112 ἀσκήσω
538 2044 591 2099 κατ’
604 2045 667 2115 ε’μάν
678 2044 826 2115 θεραπεύων
836 2047 961 2115 μαχανάν.

306 2131 329 2183 εί
342 2131 371 2184 δέ
381 2152 425 2200 μοι
435 2134 551 2185 πλοῦτον
562 2131 622 2188 θεὸς
634 2131 717 2201 ἀβρὸν
728 2131 825 2202 ὀρέξαι,
837 2170 838 2173 =

306 2215 389 2269 ε’λπίδ
401 2216 454 2288 έχω
466 2216 541 2272 κλέος
552 2216 674 2288 εὑρέσθαι
686 2239 729 2271 κεν
740 2218 846 2287 ὑψηλὸν
856 2219 960 2288 πρόσω.
974 2270 976 2274 .

167 2322 221 2392 En
239 2323 356 2391 virum
375 2333 397 2362 “
408 2325 542 2416 optime
564 2332 687 2393 contra
711 2325 889 2394 fortunam
915 2333 1077 2416 paratum
1091 2325 1118 2394 !'’
1144 2329 1210 2410 cui,

165 2448 335 2530 tanquam
361 2448 505 2508 strenuo
523 2462 642 2531 puero,
660 2440 795 2510 animos
815 2440 914 2510 addit
931 2441 1055 2512 festiva
1073 2466 1114 2513 ac
1131 2443 1212 2514 laete

165 2555 312 2625 indoles.

212 2670 298 2740 Jam
316 2671 507 2752 videamus
526 2669 667 2763 qualem
685 2695 722 2741 se
739 2673 833 2740 idem
855 2675 1085 2763 praestaverit,
1103 2676 1132 2745 si
1150 2676 1210 2767 qui

165 2787 199 2856 in
212 2786 395 2879 republica
407 2787 482 2879 ejus
495 2786 680 2856 admonitu
693 2786 857 2879 egebant.
894 2786 1063 2871 Primum,
1077 2791 1112 2859 id
1130 2791 1210 2861 luce

165 2900 302 2983 elarius,
320 2901 489 2992 majorem
512 2901 550 2969 in
575 2900 720 2968 modum
739 2899 865 2969 favisse
885 2923 967 2970 eum
993 2903 1044 2972 illi
1071 2912 1212 2975 senten-

165 3017 232 3098 tiae,
251 3038 333 3106 quae
351 3014 487 3085 mavult
508 3037 682 3085 summam
708 3037 826 3085 rerum
849 3017 993 3087 arbitrio
1018 3042 1210 3110 paucorum

165 3130 208 3198 de
232 3131 442 3221 primoribus
467 3130 712 3210 administrari,
731 3153 836 3221 quam
860 3132 904 3199 ad
925 3132 1122 3202 universam
1148 3133 1212 3202 ali-

165 3246 306 3336 quando
336 3246 476 3338 plebem
508 3247 631 3315 redire.
688 3244 879 3327 Nimirum,
906 3269 974 3337 qua
1000 3247 1115 3317 fuerat
1145 3249 1211 3317 im-

164 3360 272 3430 butus
298 3362 474 3431 sententia
499 3384 587 3452 puer
617 3363 709 3452 apud
736 3359 881 3430 Boectos
907 3384 998 3442 suos,
1024 3360 1060 3432 in
1086 3366 1209 3434 eadem

163 3476 340 3545 constanti
357 3477 433 3568 ’jam
454 3485 563 3546 aetate
586 3477 789 3568 permansit,
806 3485 848 3545 ut
866 3476 985 3545 decuit
1002 3477 1112 3547 fidum
1139 3502 1209 3548 suae

163 3592 323 3683 pueritiae
352 3600 558 3661 amatorem.
615 3589 731 3660 Adest
761 3591 1004 3682 exemplorum
1034 3593 1210 3662 uberrima

163 3708 324 3778 varietas.
372 3704 437 3800 Est
455 3707 516 3776 ubi
535 3707 767 3799 regendarum
786 3707 927 3776 urbium
941 3715 1012 3776 tres
1026 3708 1122 3798 quasi
1141 3707 1210 3775 fcr-

163 3822 277 3893 mulas
294 3823 471 3904 enunciat,
483 3846 526 3892 eo
540 3831 662 3892 tenore
680 3823 878 3904 verborum,
891 3832 933 3892 ut
950 3845 995 3892 ne
1013 3825 1068 3892 cui
1087 3825 1133 3892 sit
1145 3823 1210 3892 du-

162 3934 271 4018 bium,
289 3944 360 4010 τοῖς
378 3936 664 4032 ἀριστοκρατικοῖς
682 3938 839 4028 impense
857 3960 940 4007 eum
958 3936 1134 4008 studuisse
1145 3946 1178 4006 ⁰:

315 4053 343 4112 ἒν
353 4056 435 4110 πάντα
448 4057 477 4110 δέ
489 4057 567 4126 νάμον
579 4054 766 4128 εὐθύγλωσσος
776 4056 839 4127 ἀνὴρ
850 4055 988 4128 προφέρει·

314 4142 384 4211 παρὰ
396 4142 533 4212 τυραννίδι,
545 4143 668 4214 χῶπάταν
679 4145 694 4195 ά
705 4144 805 4212 λάβρος
815 4141 937 4212 στράτος,

313 4224 408 4296 χ’ὧταν
418 4229 497 4282 πάλιν
509 4229 533 4281 ol
546 4228 629 4297 σοφοὶ
642 4227 770 4297 τηρέωντι.
806 4269 808 4274 .

232 4376 247 4404 ⁸
259 4368 333 4420 Nem.
347 4369 372 4422 8.
387 4368 431 4422 (ιο.
574 4371 584 4402 l
598 4372 676 4440 Pyra.
689 4373 785 4441 3.182.
933 4380 946 4407 ⁰
958 4371 1025 4423 Ibid.
1040 4388 1064 4423 2.
1079 4387 1137 4442 157.
