2768 4876
232 350 299 413 812
354 345 548 412 Ominibus
561 345 732 423 mundalis,
748 346 903 410 emendari
916 345 1082 431 religionen.
1123 367 1219 409 rnna.
1232 370 1279 410 xe.

235 524 342 594 fnisse
376 521 582 602 adhibitam,
612 543 690 612 quae
719 520 785 612 ipsi
816 518 972 592 Veritati
1006 522 1145 612 praeiret
1178 522 1280 603 viam,

236 641 474 730 formaretque
492 647 529 706 et
545 638 695 730 fingeret
707 636 843 706 animos
856 639 900 706 ad
913 635 1060 707 meliora
1073 638 1280 720 ediscenda;

236 766 512 825 cousentaneum
540 756 618 836 erit,
645 753 769 823 eadem
799 752 878 845 lege
907 755 1093 846 gubernari
1129 755 1281 823 minores

237 873 356 953 etiarn,
375 881 416 940 ut
440 872 492 940 ita
511 871 638 953 dicam,
655 871 860 961 provincias.
913 871 1132 941 Crediderim
1152 873 1226 940 fore
1244 880 1281 939 ut

237 990 272 1057 iu
309 987 454 1080 singulis
488 993 566 1056 tum
601 985 737 1056 saeculis
771 995 849 1055 tum
883 986 1085 1078 regionibus
1115 1011 1282 1079 germana

239 1103 369 1183 Possis,
387 1102 497 1172 tacito
514 1101 666 1192 quodam
693 1102 908 1182 testimonio,
927 1123 1045 1171 veram
1069 1125 1111 1170 ao
1134 1101 1280 1172 solidam

239 1215 415 1286 Pietatem
430 1217 558 1286 foveat.
602 1215 681 1286 Nec
695 1215 798 1287 facile
815 1216 973 1286 invenias
990 1218 1026 1286 iu
1040 1216 1115 1285 ulla
1128 1217 1281 1295 civitate,

237 1356 314 1424 quae
338 1334 482 1424 quidem
506 1333 603 1426 leges
625 1355 812 1425 moresque
827 1332 959 1402 habeat
982 1332 1135 1413 stabiles,
1155 1332 1281 1400 mutari

237 1449 273 1516 in
290 1449 430 1541 gravius
448 1457 485 1519 et
503 1449 656 1518 sanctius
679 1467 754 1518 rem
777 1470 910 1518 sacram
928 1457 966 1518 et
983 1447 1196 1539 religiosam,
1214 1469 1281 1514 nou

237 1572 320 1634 ante
331 1572 469 1633 mutato
484 1563 703 1633 laudatorum
719 1565 914 1634 oamrinum
928 1575 1060 1634 tenore.
1092 1562 1281 1641 Nimirum,

237 1678 265 1747 si
284 1677 357 1747 ulla
374 1701 528 1768 unquam
546 1702 591 1748 ex
610 1687 710 1771 parte
728 1679 836 1748 fuerit
860 1679 1071 1749 labefactata
1089 1677 1226 1770 religio,
1243 1701 1282 1746 ea

237 1804 333 1862 certe
344 1802 448 1862 tenus
458 1794 725 1865 erunthomines
736 1797 860 1867 eadem
874 1796 1079 1865 conditione
1089 1817 1161 1884 qua
1169 1804 1282 1885 patres

238 1910 359 1990 nostri,
377 1909 534 1977 nondum
552 1911 596 1979 ad
607 1898 731 1979 ¹Duum
748 1911 916 1979 conversi.
964 1908 1064 1978 Nihil
1083 1932 1169 2001 ergo
1188 1918 1282 1978 vetat

238 2047 298 2093 eos
323 2025 445 2093 eadem
473 2027 609 2094 ratione
632 2048 673 2095 ac
698 2026 763 2107 via,
788 2047 880 2095 novo
904 2024 1068 2094 videlicet
1094 2025 1280 2094 Poetarum

238 2139 371 2220 ordine,
390 2141 519 2209 sensim
536 2141 579 2210 ad
598 2140 746 2210 meliora
761 2142 859 2233 erigi.

285 2256 450 2348 Exempli
464 2257 651 2350 gratia,(ut
663 2259 700 2327 in
714 2258 915 2329 domesticis
930 2261 1283 2349 maneam,)racorda-

237 2372 323 2441 mini
342 2371 518 2463 paulisper
530 2372 794 2444 celeberrimam
813 2376 1023 2466 scriptorum
1036 2373 1280 2464 familiam,qui

237 2489 328 2578 apud
348 2510 411 2556 nos
429 2488 626 2580 viguerunt,
646 2489 859 2560 Elisabethae
876 2498 1046 2581 tempore.
1093 2489 1227 2559 Nonne
1243 2512 1283 2558 ea

238 2604 306 2671 fuit
319 2612 438 2671 vatum
456 2614 493 2672 et
511 2606 704 2673 carminum
723 2605 868 2686 indoles,
879 2628 956 2695 quae
974 2607 1066 2697 ipsis,
1079 2607 1138 2695 qui
1158 2605 1282 2674 scribe-

238 2719 334 2799 bant,
348 2719 485 2810 ignaris,
499 2720 634 2810 optime
652 2722 855 2790 conveniret
869 2743 949 2789 curn
969 2721 1104 2790 saniore
1118 2720 1164 2787 de
1181 2719 1281 2787 rebus

238 2834 363 2902 divinis
377 2834 681 2926 sententia,qualis
693 2845 767 2905 erat
779 2837 814 2904 in
829 2836 960 2904 honore
973 2836 1103 2915 futura,
1115 2842 1282 2926 regnante

239 2948 388 3017 Carolot
428 2949 547 3031 Quid?
585 2951 806 3042 Shaksperus
826 2951 885 3020 ille
908 2959 1035 3032 noster,
1055 2948 1191 3018 deliciae
1213 2972 1283 3018 om·

238 3065 348 3143 nium,
392 3066 547 3133 maxime
587 3065 786 3158 Anglorum
829 3066 1115 3146 adolescentium,
1151 3064 1282 3134 nihilne

237 3181 414 3270 putandus
439 3190 492 3249 est
509 3182 631 3273 egisse,
651 3183 710 3273 qui
732 3183 837 3253 toties
860 3180 1015 3262 ridicule,
1034 3181 1142 3249 toties
1160 3182 1283 3249 acriter

238 3296 399 3365 invectus
426 3305 481 3366 est
511 3297 545 3364 in
578 3297 639 3366 illa
666 3301 857 3388 praesertim
885 3299 978 3378 vitia,
1008 3319 1089 3388 quae
1124 3297 1283 3386 proxima

239 3421 347 3481 aetate
365 3413 505 3482 illatura
522 3423 622 3482 erant
640 3413 841 3504 reipublicae
858 3423 984 3482 nostrae
1003 3422 1076 3481 tam
1100 3435 1209 3503 grave
1226 3413 1283 3480 de-

240 3528 473 3597 trimentum?
506 3530 565 3619 qui
599 3552 737 3620 semper
765 3530 832 3597 frui
859 3530 998 3597 videtur
1024 3551 1109 3597 aura
1134 3529 1284 3617 quadam

240 3644 389 3735 propria,
407 3653 444 3711 et
470 3644 534 3712 sibi
562 3645 705 3735 quidem
731 3645 937 3736 gratissima,
956 3645 1095 3735 quoties
1117 3645 1284 3735 vapulant

240 3759 313 3827 sive
343 3761 512 3850 pietatem
549 3759 764 3839 simulantes,
801 3762 873 3828 sive
908 3761 1040 3852 regiam
1084 3760 1284 3828 minuentes

241 3875 486 3965 majestatem?
514 3875 635 3957 Quid?
663 3875 876 3966 Spenserum
901 3877 957 3966 qui
978 3877 1128 3966 juvenes
1150 3876 1285 3944 assidue

241 3991 278 4058 in
309 3993 470 4060 manibus
500 4013 581 4060 cum
612 4012 731 4060 amore
762 4000 799 4059 et
833 3991 950 4060 studio
979 3990 1187 4071 habuerant,
1218 4012 1286 4079 quo

243 4108 385 4175 taudem
404 4109 520 4176 animo
539 4107 698 4198 praelium
723 4117 823 4176 erant
848 4106 968 4175 inituri
993 4128 1074 4174 cum
1092 4105 1155 4174 illo
1174 4105 1283 4182 hoste,

243 4223 299 4289 cui
318 4222 460 4290 solenne
478 4225 584 4292 firerit
599 4225 692 4291 omni
708 4225 866 4292 convicio
881 4222 1050 4291 lacessere
1062 4224 1158 4291 nunc
1177 4224 1286 4314 regias

243 4337 412 4415 foemiuas,
432 4360 524 4406 nunc
543 4361 717 4408 sacrorum
737 4339 941 4409 antistites?
