2768 4876
163 339 253 381 rann.
267 340 357 382 xxvr.
388 325 453 382 lum
466 336 567 393 οαονα,
581 327 644 380 tam
659 317 778 381 Heroas
791 339 948 403 eorumque
960 327 1103 402 οορυαόοι.
1142 320 1207 382 533

340 486 376 540 ὧν
388 485 447 541 θεὸς
457 486 540 556 ἁβρὸν
550 489 622 556 αὔξει
634 488 716 558 λόγον
726 485 884 541 τεθνακότων

338 571 468 636 βοαθόων,
480 572 520 626 τοὶ
531 572 602 643 παρὰ
612 571 694 643 μέγαν
705 574 827 643 ὀμφαλὸν
838 573 998 642 εὐρυκόλπου

339 660 423 727 μόλον
433 658 534 729 χθονός·
554 659 581 712 ἔν
592 657 715 714 Πυθίοισι
727 659 758 713 δέ
768 658 888 717 δαπέδοιο

339 748 429 809 κεῖται,
441 744 558 815 Πριάμου
569 748 647 799 πόλιν
659 749 841 816 Νεοπτόλεμος
852 747 907 801 ε’πεὶ
918 746 1023 818 πράθεν·

340 833 372 900 τᾷ
384 830 426 884 καὶ
438 831 533 885 Δαναοὶ
544 833 671 900 πόνησαν.

167 941 289 1034 Atque
314 942 390 1013 haec
416 967 462 1013 ex
488 945 642 1014 carmine
660 946 812 1036 quodam
832 946 1002 1016 Nemeaeo
1028 948 1208 1039 excerpsi:

166 1083 232 1151 quo
263 1061 382 1129 minus
414 1061 550 1138 mirere,
579 1062 662 1153 ipsis
689 1063 726 1131 in
755 1062 891 1155 Pythiis
918 1062 1046 1155 passim
1076 1062 1210 1132 laudari

166 1170 323 1272 ὀμφαλὸν
348 1175 450 1245 illum
475 1176 656 1272 ἐριβρόμου
680 1176 811 1272 χθονός.
864 1178 958 1249 Eum
985 1180 1107 1269 quanti
1128 1176 1210 1247 AEs-

167 1292 288 1386 chylus
306 1292 441 1374 fecerit,
458 1303 542 1362 ante
561 1294 638 1384 jam
662 1295 828 1386 exposui:
859 1294 1040 1376 Pindarus,
1058 1295 1131 1387 pari
1149 1293 1208 1364 sed

167 1407 325 1478 dissimili
350 1407 490 1489 affectu,
516 1420 706 1479 veneratur
731 1432 801 1478 non
827 1411 934 1479 modo
961 1410 1115 1481 divinam
1143 1410 1211 1480 loci

165 1524 400 1615 majestatem,
417 1547 540 1594 verum
558 1525 666 1594 etiam
686 1526 887 1617 juventutis
905 1549 975 1595 suae
991 1527 1210 1618 memoriam,

166 1646 201 1707 et
221 1639 323 1729 siqua
342 1638 502 1708 miranda
519 1647 556 1708 ct
572 1662 699 1712 arcana
716 1641 760 1708 de
777 1640 884 1732 adyto
901 1663 942 1710 ac
961 1640 1106 1732 tripode,
1125 1658 1213 1733 puer

166 1776 246 1824 cum
265 1762 368 1836 esset,
386 1753 555 1826 audierat.

212 1870 297 1939 Jam
328 1869 417 1940 illud
444 1872 554 1942 etiam
585 1872 719 1963 optime
747 1871 935 1941 convenire
962 1872 1103 1941 videtur
1129 1894 1212 1941 cum

167 1984 298 2054 eximio
320 1984 382 2054 illo
399 1986 602 2057 Thebarum
629 2011 770 2058 suarum
796 2010 925 2069 amore,
942 1989 1037 2080 quod
1062 1987 1212 2057 multam

166 2101 353 2195 aliquando
378 2127 506 2174 navare
529 2104 620 2174 solet
644 2127 787 2197 operam
815 2106 851 2173 in
875 2128 998 2175 eorum
1024 2106 1133 2197 stirpe
1155 2105 1215 2174 de-

167 2218 337 2301 ducenda,
363 2220 574 2312 quicunque,
599 2220 628 2289 si
653 2220 741 2291 fides
767 2230 928 2291 vetemm
956 2220 1095 2303 fabulis,
1119 2243 1215 2311 pros-

167 2337 244 2427 apia
256 2335 396 2406 Thebas
414 2337 618 2430 tangebant,
636 2338 703 2408 etsi
721 2337 914 2430 plurimum
940 2345 1095 2406 remota:
1124 2337 1215 2428 ejus-

167 2451 263 2522 modi
290 2451 401 2521 ferme
431 2475 515 2521 usus
541 2452 734 2546 diligentia,
761 2477 831 2545 qua
857 2451 1018 2522 Scoticus
1045 2452 1105 2522 ille
1132 2452 1215 2522 Pin-

168 2568 281 2649 darus
309 2591 416 2658 quem
451 2570 580 2660 saepins
613 2571 719 2638 modo
754 2569 970 2651 memoravi3
1007 2571 1066 2660 qui
1098 2569 1214 2638 satiari

169 2684 405 2754 delectatione
422 2707 494 2753 non
510 2693 640 2776 potest,
653 2685 791 2776 quoties
809 2686 1016 2754 numerandi
1035 2694 1118 2754 sunt
1133 2708 1215 2754 avo-

168 2824 244 2870 rum
275 2801 332 2869 avi
361 2802 455 2891 apud
484 2801 630 2869 domum
659 2801 814 2891 aliquam
840 2800 885 2870 de
911 2800 1215 2892 splendidioribus,

169 2938 245 3006 quae
271 2917 344 2985 sive
370 2917 547 2986 nascendo
572 2916 645 2989 sive
673 2917 839 2988 nubendo
865 2917 909 2986 ad
940 2939 1041 2988 suam
1071 2918 1214 2985 domum

169 3034 345 3124 pertinere
371 3033 543 3103 videatur.
600 3032 773 3102 Pindarus
803 3033 927 3122 utique
955 3030 1215 3123 Stymplralum,

170 3148 381 3220 Arcadicam
402 3149 537 3230 urbem,
557 3172 648 3218 curae
671 3149 736 3218 sibi
759 3149 832 3216 fore
859 3149 1043 3240 significat,
1061 3148 1216 3214 maxime

170 3266 335 3356 quoniam
353 3287 399 3333 ex
417 3287 460 3333 ea
479 3266 624 3357 regione
649 3263 883 3356 perhibebant
901 3287 976 3332 esse
994 3272 1108 3331 ortam
1127 3260 1217 3331 Tbe-

169 3378 249 3450 bam
269 3381 386 3450 nescio
404 3402 520 3471 quam,
539 3381 638 3471 cujus
655 3380 692 3449 in
710 3380 825 3449 tutela
843 3388 943 3448 crant
960 3373 1126 3448 Thebaed.

343 3524 514 3594 ματρομάτωρ
528 3521 576 3592 ε’μὰ
588 3521 746 3593 Στυμφάλις,
759 3521 864 3589 esbon
876 3522 999 3583 Μετώπα,

345 3608 500 3677 Πλάξιππον
511 3609 528 3662 ἁ
541 3608 631 3677 θὴβαν
642 3610 747 3672 ἔτικτεν,
760 3609 811 3662 τᾶο
817 3607 945 3676 ἐρατεινὸν
956 3604 1025 3675 ὕδωρ

344 3695 442 3764 πίομαι,
455 3693 580 3765 ἀνδράσιν
593 3694 744 3765 αἰχματαῖσι
756 3693 858 3746 πλεκὼν

344 3781 462 3835 ποίκιλον
474 3779 561 3850 ὕμνον.

172 3893 323 3966 Habetis
355 3895 527 3964 rationem
559 3894 643 3966 satis
677 3893 782 3985 longe
813 3862 1036 3973 arcessitam,
1059 3893 1094 3959 ni
1125 3892 1217 3960 foret

171 4006 289 4080 Poetae
315 4013 494 4103 praecipua
511 4010 675 4102 quaedam
694 4009 819 4078 talium
837 4030 954 4078 rerum
976 4029 1060 4075 cura
1081 4029 1122 4075 ac
1143 4014 1217 4075 stu-

171 4124 275 4195 dium.
334 4125 491 4218 Cyrenas
508 4126 638 4217 alioqui
657 4124 835 4194 celebrare
852 4124 970 4216 gestit,
988 4122 1048 4192 iilo
1067 4130 1216 4213 reperto,

605 4357 616 4388 ‘¹
631 4359 671 4410 Ol.
686 4358 711 4410 6.
729 4374 786 4423 14²·
