2768 4876
219 1277 568 1369 PRAELECTIO
602 1286 932 1369 TRIGESIMA
967 1287 1219 1378 QUARTA.

199 1842 269 1902 Quid
284 1847 328 1908 sir,
347 1849 416 1917 qnod
431 1849 581 1904 martion
598 1849 755 1921 Epicureum
776 1853 919 1906 Christiani
937 1854 1076 1922 beniynins,
1095 1872 1169 1923 quom
1190 1855 1239 1918 sni,

234 1933 406 1989 toleraverint.
439 1937 570 1991 Bnonsori
577 1956 656 2008 posse
662 1941 762 2009 portin
775 1941 828 2008 ejus
840 1941 991 1993 amartion:
1013 1941 1174 2010 comprobari
1185 1958 1240 1993 eom

232 2027 283 2073 tran
299 2024 458 2089 testimoniis,
472 2033 524 2079 turn
541 2027 631 2095 sionis
671 2027 792 2088 Quoenms
811 2029 839 2081 in
857 2028 963 2081 lundata
976 2028 1053 2081 Poesi
1071 2029 1186 2081 amentio
1204 2029 1240 2081 sit

230 2121 276 2160 W.

289 2277 397 2348 UOD
419 2283 455 2349 in
477 2283 639 2353 amicitiis
662 2291 699 2352 et
722 2283 886 2353 convictu
912 2283 1113 2352 mortalium
1141 2306 1240 2352 max·

319 2395 388 2463 ime
421 2395 596 2488 plerisque
629 2399 757 2466 mirum
793 2399 942 2478 videtur,
978 2399 1143 2490 conjungi
1177 2396 1240 2466 ali-

198 2509 348 2600 quando,
382 2513 512 2582 eximia
546 2514 696 2604 quadam
732 2516 888 2594 caritate,
922 2515 1083 2583 homines
1117 2514 1239 2583 infami

198 2634 280 2694 nota
298 2648 378 2694 cum
400 2627 443 2696 iis
459 2629 518 2718 qui
539 2628 685 2698 meliora
702 2639 739 2696 et
756 2630 913 2697 sentiunt
932 2637 968 2697 et
986 2640 1116 2721 agunt3
1144 2630 1240 2697 idem

199 2739 307 2809 ferme
324 2743 360 2809 in
378 2765 417 2811 re
435 2741 580 2813 Poetica
597 2743 653 2812 vel
677 2745 801 2834 saepius
821 2744 896 2812 fieri
914 2753 1087 2812 noverunt
1106 2766 1239 2826 omnes,

198 2857 255 2945 qui
278 2878 355 2924 sese
379 2858 485 2927 modo
512 2857 637 2927 leviter
660 2858 860 2949 hujusmodi
879 2859 1012 2928 deliciis
1038 2859 1239 2928 imbuerint.

200 2968 283 3039 Non
302 2971 479 3042 dubitabit
496 2972 661 3043 videlicet
679 2974 861 3043 virbonus
879 2983 916 3043 et
934 2974 1024 3066 frugi
1051 2997 1097 3042 ne
1118 2997 1240 3042 eorum

199 3087 339 3176 quidem
363 3086 530 3157 delectari
553 3089 774 3168 carminibus,
792 3112 940 3179 quorum
966 3091 1000 3156 in
1026 3087 1240 3178 colloquium

199 3210 234 3270 et
252 3224 478 3294 congressum
496 3203 593 3272 nullo
611 3227 764 3294 unquam
780 3212 939 3294 ternpore
957 3203 1081 3273 lubens
1095 3204 1240 3272 venerit.

200 3315 352 3397 Etenim,
378 3326 418 3386 ut
443 3321 585 3389 missam
608 3320 776 3388 faciamus
804 3327 1027 3410 pervagatam
1054 3318 1150 3387 illam
1177 3317 1243 3387 hu-

199 3453 309 3501 manae
331 3432 458 3503 indolis
480 3435 762 3514 inconstantiam,
781 3456 824 3502 ex
843 3456 913 3523 qua
933 3433 1056 3523 saepius
1075 3433 1242 3502 effectum

198 3557 260 3627 cst,
291 3557 331 3616 ut
361 3548 505 3618 alternis
534 3550 607 3618 fere
640 3550 762 3618 diebus
793 3555 1052 3617 commutarent
1083 3547 1242 3616 nonnulli

199 3664 332 3753 optima
357 3687 437 3733 cum
464 3665 633 3755 pessimis,
655 3674 728 3734 tam
756 3665 829 3732 vita
855 3687 959 3755 quam
987 3663 1124 3754 scriptis
1150 3664 1241 3743 suis;

199 3778 316 3867 ecquis
339 3801 410 3846 non
434 3778 602 3870 intelligit
623 3779 821 3847 adumbrari
843 3801 944 3868 posse
962 3776 1117 3846 caelestia
1134 3785 1243 3845 terre-

199 3892 259 3973 nis,
287 3894 406 3963 divina
435 3893 608 3973 humanis,
635 3917 733 3984 paene
764 3893 920 3961 dixeram
951 3899 1047 3960 casta
1077 3891 1242 3960 incestis?

200 4004 336 4077 Verum
366 4008 401 4077 id
431 4009 482 4077 ita
512 4010 552 4077 lit
583 4007 800 4098 plerumque,
830 4017 869 4075 ut
900 4030 945 4074 ue
975 4014 1094 4074 tamen
1124 4005 1244 4074 dedita

199 4145 301 4212 opera
329 4132 432 4192 ruant
461 4124 495 4191 in
522 4125 641 4213 pejora
667 4125 861 4213 scriptores.
921 4121 1046 4190 Solent
1071 4130 1110 4189 ut
1136 4119 1245 4210 pluri-

199 4259 294 4307 mum
321 4262 392 4330 prae
415 4262 452 4309 se
473 4239 563 4308 ferre
587 4238 740 4330 speciem
758 4238 931 4327 quandam
959 4237 1099 4328 pudoris
1118 4243 1154 4303 et
1171 4235 1242 4326 pie·
