2768 4876
165 313 228 378 720
444 306 572 370 Horatii
586 305 623 368 da
639 304 942 388 Vlryiltbjudsict'um.
999 325 1213 366 aaranxxxrr.

164 479 304 549 cerain
328 477 517 568 Epicorum
536 484 657 545 vatum
679 473 847 544 concilio:
881 497 962 543 cum
989 474 1083 543 bene
1109 475 1214 543 senti-

164 603 229 676 ret,
256 594 291 661 in
318 593 386 662 isto
412 591 587 661 curriculo
615 590 772 660 laborare
800 613 847 670 se,
874 591 940 659 etsi
966 589 1116 659 fortasse
1144 612 1213 658 non

164 711 275 779 invita
302 709 391 778 adeo
418 707 592 786 Minerva,
620 715 658 775 at
687 705 839 773 invitum
867 713 988 774 tamen
1018 707 1146 796 ipsum,
1177 716 1213 773 et

163 847 281 893 rerum
307 823 453 893 aliarum
480 821 658 914 cupidum.
683 878 685 883 .
712 819 798 889 Erat
823 830 945 890 autem
963 819 1150 913 Virgilius,
1172 832 1212 888 nt

163 938 322 1018 arbitror,
341 936 621 1029 elegantissimus
639 937 797 1005 omnium
808 935 934 1027 juder,
949 936 1211 1026 tenerrimoque

164 1052 301 1146 pulchri
321 1074 425 1121 sensu
443 1053 619 1121 imbutus:
646 1074 717 1142 quo
734 1049 870 1120 facilius
887 1049 1123 1118 assentiamur
1146 1051 1209 1140 ipsi

164 1169 208 1237 de
239 1191 277 1237 se
301 1167 475 1258 judicium
507 1168 645 1236 ferenti.
698 1166 804 1249 Quid,
833 1166 926 1255 quod
955 1165 1112 1256 aequales
1137 1166 1210 1256 ejus

163 1280 257 1349 idem
284 1281 396 1350 ferme
422 1283 588 1351 videntur
613 1281 783 1352 sensisset
828 1279 1012 1372 Siquidem
1038 1288 1124 1348 noto
1151 1280 1209 1348 illo

103 1486 106 1493 Ι
164 1396 364 1464 discrimine
381 1397 535 1489 sejungit
548 1418 629 1466 eum
649 1395 792 1466 aVario
811 1418 926 1464 sermo
940 1391 1197 1464 Horatianus¹:

516 1533 592 1587 Forte
605 1550 668 1603 epos
681 1550 749 1596 acer,

304 1618 344 1672 Ut
356 1636 443 1682 nemo,
453 1619 550 1692 Varius
564 1620 652 1673 ducit:
672 1621 751 1673 molle
763 1627 841 1690 atque
852 1619 967 1674 facetum

304 1704 416 1775 Virgilio
429 1714 581 1759 annuerunt
592 1704 739 1776 gaudentes
751 1722 812 1758 mre
825 1705 967 1759 Camoenae.

165 1824 363 1907 Videtisne,
384 1825 574 1896 Horatium
591 1826 751 1919 Virgilio,
779 1849 870 1895 novo
896 1827 1030 1909 Poetae,
1057 1849 1129 1895 non
1157 1849 1209 1897 so-

163 1939 237 2008 lnm
270 1941 435 2021 tribuere,
466 1943 563 2031 quasi
594 1941 770 2033 propriam
799 1941 1026 2031 provinciam,
1057 1965 1140 2010 rura
1169 1964 1208 2009 ac

163 2064 300 2124 naturae
331 2054 483 2138 deliciae,
512 2079 633 2153 vemm
661 2057 769 2126 etiam
800 2078 928 2148 negare
958 2064 1144 2126 actuosum
1172 2065 1209 2125 et

164 2169 343 2238 heroicum
373 2194 494 2264 genus,
524 2169 653 2240 collata
682 2180 779 2240 certe
805 2170 915 2250 Varii,
946 2181 1023 2238 tum
1054 2171 1210 2240 maxime

166 2286 325 2378 vigentis,
345 2285 488 2355 indole?

215 2399 380 2470 Profecto
402 2410 438 2470 et
460 2402 653 2494 arrogantis
673 2402 764 2470 foret
788 2410 824 2471 et
851 2398 983 2478 insulsi,
1003 2422 1109 2490 qnam
1135 2424 1211 2470 sen-

163 2516 313 2584 tentiam
340 2515 549 2606 planissimis
575 2517 689 2585 verbis
715 2516 862 2585 tulerint
892 2516 962 2584 duo
991 2514 1207 2585 celeberrimi

165 2629 294 2712 Poetae,
311 2632 401 2700 alter
424 2633 467 2700 de
491 2653 537 2712 se,
558 2632 647 2701 alter
664 2631 708 2699 de
733 2630 894 2721 proximo
920 2629 1044 2709 amice,
1062 2650 1142 2696 eam
1161 2639 1211 2696 ta-

163 2746 299 2814 manin
319 2747 464 2815 dubium
484 2748 728 2834 incertumque
746 2767 918 2813 revocare.

215 2860 310 2943 Quin
338 2861 404 2930 hac
428 2862 526 2951 quasi
552 2859 702 2928 formula
719 2858 828 2928 semel
846 2859 1050 2938 constituta,
1068 2860 1211 2927 missam

164 2976 332 3046 faciamus
359 2999 500 3044 omnem
523 2975 754 3065 quaestionem
780 2976 824 3043 de
850 2995 988 3043 summa
1005 2972 1211 3066 Virgilianae

165 3087 326 3157 Poeseos.
378 3088 437 3157 Ad
458 3110 500 3156 ea
517 3110 712 3179 pergamus,
731 3111 811 3178 quac
828 3109 944 3177 neque
962 3087 1136 3155 carebunt
1154 3110 1212 3155 vo-

164 3201 311 3293 luptate,
331 3212 368 3272 et
394 3205 548 3272 fructum
575 3202 758 3271 habebunt
783 3202 991 3281 uberiorem,
1010 3210 1047 3269 et
1067 3203 1210 3293 cognitu

165 3328 268 3385 erunt
286 3320 452 3386 certiora:
480 3317 607 3407 quibus
629 3319 752 3407 utique
778 3316 822 3384 de
848 3316 959 3384 causis
985 3318 1153 3397 evenerit,
1171 3327 1211 3384 ut

165 3429 223 3498 hic
242 3453 331 3498 nnus
349 3432 504 3498 omnium
530 3432 685 3512 maxime
703 3431 739 3498 in
757 3454 820 3499 suo
836 3451 966 3523 genere
983 3430 1119 3497 caeteris
1137 3451 1211 3520 spe-

165 3541 280 3610 cimen
307 3552 418 3623 esset3
445 3565 514 3632 quo
537 3543 645 3612 animi
671 3551 802 3623 tenore,
821 3541 947 3633 quibus
965 3539 1126 3619 fortunis,
1145 3561 1210 3629 qua

59 3727 62 3732 ,
164 3657 385 3746 potissimum
421 3656 642 3748 philosophia
675 3655 871 3725 adoleverit
900 3654 1127 3724 suavissimus
1153 3652 1210 3720 ille

166 3770 313 3840 Naturae
331 3773 564 3862 conjectaret
582 3776 763 3863 interpres.
891 3859 893 3862 y

220 3885 273 3954 At
304 3888 398 3955 enim
431 3888 467 3955 in
503 3887 608 3956 aliam
640 3888 783 3957 omnino
817 3887 997 3955 nationem
1034 3884 1210 3954 amandari

165 3981 247 4070 enm
274 4023 412 4092 semper
429 4003 585 4070 decrevit
611 4003 766 4071 maxima
785 4023 864 4092 pars
884 3999 1108 4081 Oriticornm,
1127 4020 1210 4091 quos

165 4124 303 4184 vocant.
355 4114 425 4197 Qui
452 4115 589 4185 scilicet
612 4116 712 4208 Epici
738 4115 901 4184 carminis
928 4113 1045 4204 speeie
1072 4123 1209 4183 tantum

516 4300 524 4335 ¹
545 4299 612 4353 Hor.
628 4301 708 4352 Serra.
724 4317 746 4352 1.
764 4316 803 4352 10.
814 4316 857 4368 43.
