2768 4876
163 297 231 360 504
389 295 597 362 Odomastem
611 296 741 362 ῐοοονιου
755 296 960 384 rolipioaidas,
1022 322 1116 364 rann.
1131 322 1209 365 xxv.

166 469 268 552 nisse,
281 476 324 537 ut
337 468 397 559 qui
414 470 556 561 propius
567 470 644 561 jam
657 470 779 540 abesse
792 471 838 541 ab
850 471 912 542 illo
930 480 1035 564 portu
1047 474 1210 566 incipiat:

165 593 244 654 tum
265 584 360 654 facili
385 585 469 656 satis
487 585 658 677 junctura
674 587 818 656 devenit
840 590 884 657 ad
905 587 1024 659 solitas
1042 588 1212 661 Hieronis

165 701 218 770 sui
237 699 371 771 laudes.

341 848 413 906 εἵπον
425 852 456 906 δέ
464 853 610 922 μεμνᾶσθαι
623 856 794 924 Συρακοσσᾶν
804 876 833 909 τε
845 855 887 908 καὶ
898 852 1044 925 Ὀρτυγίας,

340 939 389 992 τόν
396 937 483 1008 Ἱέρων
494 939 597 1014 καθάριρ
609 938 716 1011 σκάπτῳ
728 940 831 1003 διέπων,

340 1022 416 1094 άρτια
431 1025 582 1094 μηδόμενος,
595 1027 777 1095 φοινικόπεζαν
793 1024 909 1096 ἀμφέπει
924 1023 1055 1096 Δάματρα,
1067 1024 1212 1081 λευκίππου

375 1132 403 1165 τε
415 1110 542 1182 θυγατρός
554 1109 653 1182 ε’σρτάν,

272 1247 275 1254 ,
340 1196 382 1249 καὶ
393 1195 472 1265 Ζηνός
484 1196 603 1252 Αἰτναίου
615 1198 715 1267 κράτος.

166 1330 310 1424 Nempe
333 1331 456 1416 Hiera,
477 1343 518 1417 ut
539 1335 688 1417 videtur,
712 1335 773 1405 illo
798 1345 958 1428 tempore
984 1336 1093 1406 festos
1118 1334 1210 1406 cele·

164 1448 289 1518 brabat
306 1448 426 1519 Cereri
444 1458 482 1519 et
499 1450 720 1543 Proserpinae
747 1453 831 1522 dies.
883 1450 1068 1520 Postremo
1094 1453 1211 1520 exitu·

164 1586 224 1633 rus
249 1564 341 1634 redit
368 1566 405 1634 in
434 1565 645 1657 principium
675 1588 788 1647 suum,
812 1565 1016 1657 clauditque
1041 1564 1148 1635 simul
1173 1574 1210 1636 et

164 1679 277 1750 melos
293 1689 331 1751 et
348 1703 513 1773 pompam
531 1683 700 1751 votivam.

340 1833 375 1903 μὴ
384 1830 497 1905 όραάσαι
507 1835 602 1906 χρόνος
613 1831 695 1900 όλβον
707 1830 836 1903 ἐφέρπων.

340 1920 390 1975 σὺν
401 1920 430 1974 δὲ
441 1917 653 1991 φιλοφροσάναις
664 1919 795 1990 εὐηράτοις
805 1917 917 1990 'Appula
929 1916 1032 1988 δέξαιτο
1044 1921 1128 1988 κῶμον

339 2004 427 2076 ματέρ’
439 2003 561 2075 εὐμήλοιο
572 2004 685 2060 λείποντ’
696 2004 840 2076 Ἀρκαδίας·
856 2002 950 2075 ἀγαθαὶ
962 2004 992 2058 δὲ
1002 2002 1107 2059 πέλοντ’
1117 2004 1145 2060 έν
1155 2025 1211 2075 χει-

424 2092 433 2145 ι’

340 2112 484 2233 νυκῗὶρθῖάς
495 2175 524 2231 έκ
535 2177 595 2233 ναός
605 2175 785 2248 άπεσκῖμφθαι
798 2175 835 2230 δυ’
849 2176 967 2248 ἄγκυραι·
987 2173 1046 2231 θεός

340 2263 419 2318 τῶνδε
432 2264 520 2318 κείνων
531 2284 559 2317 τε
571 2264 667 2318 κλυτάν
678 2259 756 2319 αἶσαν
766 2262 877 2334 παρέχοι
888 2262 997 2333 φιλέων·

340 2348 456 2404 δέσποτα
466 2350 633 2419 ποντόμεδον,
647 2349 722 2404 εὐθὺν
733 2350 762 2404 δὲ
773 2350 857 2403 πλοόν
867 2348 985 2418 καμάτων

339 2435 412 2493 ἐκτός
423 2436 497 2490 ἔοντα
509 2436 584 2500 δίδοι,
596 2436 806 2507 χρυσαλακάτοιο
818 2437 897 2491 πόσις

339 2517 517 2591 ’Δμφιτρῖτας·
537 2521 604 2590 ε’μῶν
615 2519 639 2575 δ’
651 2518 736 2590 ὕμνων
746 2517 802 2589 ἄεξ’
815 2517 935 2589 εὐτερπὲς
946 2515 1031 2574 dator·

164 2659 245 2741 Qua
270 2657 306 2727 in
326 2656 484 2727 clausula
500 2659 626 2727 versari
653 2679 737 2727 eum
760 2679 843 2726 cum
867 2655 1117 2749 navigantibus
1140 2656 1210 2750 sig·

163 2772 284 2841 nificat
306 2774 436 2842 tectius
462 2772 686 2864 proverbium
704 2771 793 2840 illud
811 2771 856 2840 de
873 2795 911 2840 ra
928 2771 1073 2840 nautica
1089 2793 1215 2863 sump-.

164 2896 253 2968 turn,
271 2888 426 2977 apertius
443 2894 564 2955 autem
581 2908 703 2977 preces
721 2884 848 2954 oblatae
866 2883 1052 2975 Neptuno.

216 3001 308 3071 Haec
329 3002 439 3070 fusius
459 3022 636 3092 exponere
654 3001 887 3081 decreveram,
910 3006 1097 3091 propterea
1113 2998 1209 3088 quod

164 3137 235 3184 uon
259 3115 485 3184 mediocriter
505 3115 607 3183 torsit
631 3115 663 3183 is
682 3112 834 3206 hymnus
859 3112 1002 3205 ingenia
1022 3113 1210 3182 doctorum

165 3229 334 3298 virorum:
352 3250 458 3318 quem
476 3229 505 3296 si
523 3228 644 3320 exigas
658 3228 701 3296 ad
716 3250 794 3297 eam
808 3224 1007 3308 formulam,
1021 3249 1102 3317 quae
1116 3226 1211 3315 κόμφ

164 3349 261 3410 trans
288 3363 385 3409 mare
412 3340 573 3409 ducendo
604 3338 760 3430 potuerit
787 3338 965 3422 inservire,
991 3337 1212 3407 commodior

165 3453 279 3522 multo
296 3462 333 3522 et
351 3453 539 3533 venustior,
556 3460 598 3520 ut
615 3451 702 3522 mihi
720 3452 864 3543 quidam
882 3451 1032 3533 videtur,
1048 3450 1116 3519 erit
1133 3451 1210 3542 ejus

163 3568 318 3661 partium
335 3589 457 3659 nexus
841 3655 843 3658 Α

216 3682 287 3752 Sed
305 3679 428 3774 religio
451 3690 543 3750 esset
560 3680 604 3749 de
622 3679 769 3749 Choreis
789 3677 1061 3769 triumphalibus
1078 3678 1210 3769 agenti,

166 3799 203 3866 ni
221 3819 333 3888 pauca
346 3796 390 3864 de
403 3794 525 3864 multis
539 3796 723 3878 adferrem,
737 3794 863 3884 quibus
876 3792 937 3862 ille
950 3792 1049 3862 locus
1063 3792 1212 3863 mirifice

167 3908 257 3979 solet
282 3907 469 3977 illustrari:
495 3929 557 3975 seu
579 3907 639 3975 Dii
663 3906 803 3987 Deaeve,
825 3905 1034 3998 oppidorum
1053 3903 1211 3988 Patroni,

166 4021 345 4092 ordinibus
362 4019 599 4089 exultantium
617 4021 872 4102 adscribantur;
897 4021 971 4089 sive
984 4018 1096 4088 oculis
1114 4021 1211 4090 cerni

167 4136 353 4206 videantur
367 4135 531 4225 regiones
544 4135 640 4224 ipsae,
658 4143 790 4224 portus,
808 4135 923 4215 nrbes,
941 4133 1098 4203 flumina.
