2768 4876
164 275 230 342 &6

199 427 312 483 laudens
334 429 433 483 Delum
455 437 481 482 et
503 426 640 510 Cyntham
664 447 713 483 no·

199 498 283 552 minet
296 498 435 569 Virgilius,
447 499 584 569 xxxviri.7
624 539 630 552 .

165 567 339 649 Apollodorus
357 568 390 623 de
409 569 525 622 Hercule
543 577 569 622 et
588 512 713 631 ilirirone,

165 707 188 761 A
200 651 463 770 ¹1¹lleiriiieilhhodius,
476 709 528 761 xvi.
544 710 603 762 282.

242 795 299 830 nem
320 777 482 859 liquidarum
505 787 607 832 amator
625 778 714 848 Virgi-

212 847 262 910 'us,
276 848 383 901 xxxviii.
398 861 457 918 773.

166 917 320 988 Aquilonem
336 935 384 986 par
394 919 423 971 in
436 917 560 988 AEscbyli
571 919 714 998 Agamem·

201 987 412 1058 none,xix.339.
465 988 525 1042 uilae
535 1005 634 1057 specres
642 987 714 1057 apud

203 1057 328 1120 Dantem,
341 1057 431 1110 xxxiii.
461 1059 503 1128 78.

167 1126 190 1180 A
231 1127 304 1179 'bais
316 1145 411 1181 aureus
423 1127 522 1198 fulgor,
531 1127 624 1180 x.162.
643 1128 715 1198 apud

229 1196 252 1249 ir
271 1197 276 1207 ’
289 1197 345 1250 ium
358 1215 462 1259 cursus,
475 1197 566 1250 xxxix.
579 1211 639 1268 790.

167 1266 266 1320 Arcam
291 1266 362 1336 apud
387 1267 532 1321 Ecclesiam
558 1267 714 1336 Disciplina,

202 1354 228 1390 v.
241 1335 285 1390 62.
304 1354 362 1390 eam
374 1336 407 1390 ab
421 1336 547 1406 Euripide
559 1337 587 1389 in
601 1336 714 1391 Bacchis

202 1406 314 1461 tortasse
326 1407 487 1469 adumbrari,
501 1406 572 1459 xxix.
582 1405 643 1477 609.

167 1476 300 1530 Arcesilas
319 1494 334 1529 a
352 1476 467 1531 Pindaro
485 1476 520 1530 ob
538 1475 716 1545 pulchritudi-

203 1564 265 1600 nem
282 1546 415 1609 laudatus,
432 1565 493 1600 xxv.
507 1561 566 1616 511.
592 1547 649 1616 ejus
668 1565 715 1600 au·

138 1646 140 1650 ·
202 1616 261 1687 riga
272 1615 481 1679 commendatur,
494 1616 565 1670 xxvi.
578 1633 639 1685 520.
664 1617 715 1670 ira·

202 1694 248 1740 tus
261 1704 276 1739 a
288 1686 404 1740 Pindaro
415 1687 524 1756 regitur,
536 1687 616 1747 xxiii.
629 1700 691 1756 545.

167 1755 358 1827 Ἀρχαιότροπα
384 1755 503 1811 Homero
533 1755 635 1820 dilecta,
660 1757 714 1810 xiii.

205 1827 265 1880 208.
285 1835 311 1879 et
326 1825 472 1889 Herodoto,
484 1825 537 1881 xvi.
550 1839 609 1907 273.

169 1895 320 1949 Archilochi
331 1896 426 1959 rabies,
441 1897 474 1949 vi.
487 1908 529 1965 75.
548 1914 601 1949 xvi.
616 1896 677 1959 282,
689 1914 715 1961 4.

204 1966 261 2036 ejus
273 1965 354 2019 verba
364 1975 511 2034 ponuntur,
524 1965 588 2020 ibid.

169 2035 377 2089 Architecturam
406 2038 566 2106 templorum
596 2053 612 2088 a
640 2034 717 2089 Poesi

204 2124 286 2176 prope
304 2106 405 2169 abesse,
424 2106 459 2159 iii.
473 2123 516 2176 33.
544 2123 642 2176 genere
659 2106 716 2175 ejus

205 2177 319 2246 singula,
339 2175 404 2247 quid
424 2176 582 2245 significent,
601 2189 716 2256 33-35.

205 2246 261 2316 ejus
271 2248 312 2299 vel
324 2246 352 2299 in
364 2246 452 2315 parvis
465 2255 490 2298 et
501 2246 645 2299 latentibus
658 2245 718 2299 dili-

204 2317 302 2386 gentia,
315 2316 404 2369 xxviii.
415 2315 476 2382 565.

170 2386 320 2456 Areopaqas
331 2404 386 2439 non
399 2387 498 2439 ferebat
509 2393 644 2454 patronos,
654 2385 717 2440 xxii.

169 2507 172 2511 .
206 2457 267 2521 428.
284 2456 318 2510 ab
325 2457 455 2527 AEschylo
469 2455 571 2510 civibus
583 2473 718 2510 commen-

207 2524 294 2588 datur,
308 2543 368 2596 429.

171 2595 256 2658 Arete,
271 2595 413 2649 Phaeacum
424 2595 524 2665 regina,
538 2595 590 2647 xiv.
602 2613 661 2664 233.

172 2665 273 2733 Arpini,
286 2666 489 2718 Atheniensium
508 2665 581 2727 socii,
600 2675 718 2733 tempore

208 2735 338 2805 AEschyli,
352 2735 412 2788 xvii.
428 2749 487 2804 295.
510 2735 718 2789 Atheniensibus

207 2805 240 2858 ab
250 2805 380 2875 AEschylo
392 2804 578 2866 commendati,
586 2805 648 2857 xxii.
657 2822 717 2874 429.

207 2877 294 2928 solum
313 2893 405 2928 eorum
425 2875 595 2943 Supplicibus
618 2892 717 2938 carum,

207 2945 279 2998 xxiii.
293 2960 354 3015 455,
367 2944 428 3011 456.

172 3015 328 3083 Arqonautce
340 3033 401 3068 cum
413 3015 510 3085 Ulysse
523 3022 717 3083 comparantur,

207 3103 269 3137 x1.1
311 3125 316 3137 .

172 3099 349 3222 Aryonaiiiica
368 3154 484 3216 Pindari,
498 3154 568 3207 xxvi.
582 3167 643 3223 519,
657 3169 718 3223 522,

173 3224 269 3360 Arigni,
287 3293 334 3347 Ius
354 3302 453 3356 custos,
472 3294 529 3363 ejus
551 3293 626 3355 ratio,
646 3295 719 3347 xxiii.

172 3377 293 3484 Aricisihs
307 3432 434 3485 Ovidium
447 3433 583 3501 expressit,
594 3432 649 3512 viii.
661 3433 719 3486 106.

173 3501 300 3554 Aristeas
312 3512 423 3554 matrem
441 3512 541 3571 petens,
554 3503 644 3555 xxxiii.
659 3502 719 3573 669.

209 3572 265 3641 ejus
278 3572 374 3624 fabulae
387 3572 461 3632 ratio,
475 3573 572 3624 xxxvii.
588 3571 647 3641 746.
667 3591 719 3625 vox

209 3642 264 3710 ejus
278 3642 311 3694 ad
324 3642 469 3710 Virgiliana
481 3643 623 3711 pertinens,
638 3656 697 3712 757.

173 3709 359 3780 Aristophanes
367 3711 525 3781 AEscbylum
535 3711 656 3774 1111112112,
665 3714 718 3765 xxi.

209 3782 270 3850 388.
290 3790 315 3834 et
326 3781 488 3850 Euripidem,
500 3783 571 3834 xxix.
581 3796 642 3850 594.
662 3782 719 3852 ejus

210 3851 242 3903 de
254 3852 349 3904 Atticis
367 3852 555 3904 rusticantibus
572 3853 718 3905 testimoni-

209 3939 265 3984 um,
278 3940 340 3973 xxx.
354 3920 414 3973 618.
437 3922 464 3987 in
483 3922 587 3974 rusticis
606 3922 719 3974 nimium

209 3992 382 4059 voluptarius,
392 3992 463 4043 xxxi.
473 3991 533 4057 641.
559 3993 587 4044 in
605 3992 719 4045 nubium

209 4060 302 4113 fonnis
314 4061 419 4122 ludens,
433 4062 524 4114 xxxiii.
535 4062 595 4131 675.

173 4130 357 4199 Aristophanis
381 4131 461 4183 verba
486 4142 630 4200 ponuntur,
657 4132 718 4184 xvii.

136 4246 139 4251 .
211 4201 270 4269 289.
290 4201 436 4322 ”³8:428
461 4203 550 4254 xxviii.
564 4202 624 4272 569.
647 4203 718 4254 xxix.

209 4284 270 4337 594.
289 4288 377 4322 xxxn1.
407 4286 449 4340 75.

176 4337 327 4390 Aristoteles
346 4339 441 4393 Poesin
459 4358 566 4394 omnem
584 4342 618 4394 ad
639 4343 719 4395 actio·

180 4460 181 4463 ,
210 4425 270 4460 112111
289 4409 374 4470 refert,
388 4410 422 4461 vi.
438 4423 479 4479 75,
493 4412 535 4463 80.
555 4413 642 4464 xxviii.
658 4411 719 4481 576.

632 276 848 340 INDEX

802 427 911 482 iliadem
935 427 1035 482 ordinis
1060 429 1196 497 exemplar
1216 429 1312 498 posuit,

800 499 835 551 vi.
848 499 891 564 84.
911 498 975 568 quid
987 498 1103 551 maxime
1121 497 1269 552 laudaverit
1284 499 1309 551 in

800 568 961 621 sententioso
968 584 1072 637 genere,
1080 587 1125 620 xx.
1132 567 1194 637 365.
1207 585 1256 621 cur
1265 567 1310 621 So-

799 638 921 707 phoclem
938 637 1039 691 caeteris
1057 645 1212 706 anteponat,
1224 638 1309 690 xxviii.

800 708 861 778 578.
886 725 932 760 cur
950 706 1106 776 Euripidem
1124 709 1310 777 τραγικώτατον

800 779 920 846 appellet,
939 778 1010 830 xxix.
1026 794 1088 847 591.
1119 795 1169 830 cur
1187 777 1310 830 rusticam

801 846 895 900 Paesin
908 864 963 900 non
976 865 991 900 a
1029 855 1111 909 oscat,
1124 865 1189 900 xxx.
1200 846 1262 900 618.
1285 865 1310 901 e·

795 918 842 986 jus
855 917 888 970 de
901 916 986 986 Empe
1005 918 1062 970 ocle
1074 916 1153 979 dicta,
1168 917 1241 970 xxxi.
1252 917 1309 986 634,

799 1001 825 1055 5.
851 987 883 1039 de
896 987 959 1039 orbe
972 1004 1087 1049 summo,
1100 986 1183 1039 xxxii.
1196 986 1257 1052 655.

764 1056 916 1109 Aristotelis
938 1056 1019 1110 verba
1042 1065 1191 1125 ponuntur,
1215 1056 1251 1110 iv.
1269 1075 1309 1122 44.

800 1145 826 1179 v.
841 1139 883 1196 71.
907 1126 943 1180 vi.
957 1126 1000 1188 80,
1014 1126 1057 1191 84,
1070 1142 1115 1197 90.
1140 1145 1168 1178 x.
1185 1140 1245 1192 152.
1267 1126 1309 1178 xii.

803 1213 861 1267 199,
875 1213 935 1248 202.
954 1196 1008 1248 xiv.
1022 1212 1081 1261 242.
1101 1195 1165 1248 xvii.
1180 1197 1241 1249 288.
1259 1196 1308 1248 xix.

799 1280 861 1336 337.
882 1265 954 1318 xxiii.
967 1282 1029 1332 441.
1053 1265 1125 1318 xxvi.
1138 1277 1201 1335 517.
1224 1265 1309 1318 xxviii.

800 1336 943 1417 578,·580.
980 1335 1051 1388 xxix.
1075 1335 1138 1406 590,
1163 1349 1227 1405 591,
1251 1335 1309 1405 598.

800 1424 880 1459 xxxn.
894 1405 954 1475 647.

765 1476 930 1529 Armataram
950 1474 1045 1544 cupide
1068 1474 1102 1528 ab
1126 1474 1247 1529 Homero
1267 1473 1310 1528 de·

801 1546 889 1608 scribi,
901 1545 937 1599 ix.
948 1562 1006 1611 140.

766 1616 869 1669 Artium
879 1615 1061 1697 inventoribus
1074 1623 1174 1684 praesto
1186 1614 1243 1668 fore
1254 1613 1310 1667 Nn-

802 1703 964 1749 men,xxvu.
978 1696 1039 1753 557.

765 1755 961 1824 Ἀρσενοπληθῆ
985 1754 1097 1808 convicii
1119 1755 1181 1807 loco
1201 1771 1310 1823 usurpa·

800 1834 869 1888 turn,
883 1825 956 1878 xxiii.
969 1838 1030 1893 453.

765 1896 879 1949 Artatus
890 1893 961 1964 apud
975 1893 1147 1963 Spenserum,
1161 1894 1216 1948 viii.
1230 1892 1286 1947 106.

766 1966 886 2018 Ascetica
904 1963 976 2034 apud
995 1963 1158 2032 Euripidem,
1176 1964 1248 2016 xxix.
1261 1963 1310 2016 606

800 2034 900 2088 —610.
911 2033 983 2104 apud
991 2033 1153 2094 Lucretium,
1162 2052 1243 2086 xxxv.
1253 2033 1310 2102 706.

766 2105 856 2158 Asiam
876 2122 938 2158 cum
957 2104 1066 2172 Europa
1086 2103 1115 2155 in
1137 2102 1220 2156 lhede
1241 2121 1311 2156 com·

802 2175 881 2237 mitti,
897 2175 941 2228 vii.
955 2191 999 2245 90.
1026 2173 1106 2226 urbes
1125 2173 1183 2242 ejus
1203 2173 1236 2226 de
1255 2173 1311 2226 Ho-

802 2262 876 2298 mero
888 2253 1026 2305 certantes,
1038 2243 1092 2296 xvi.
1104 2255 1165 2312 272.

766 2316 857 2369 Asiam
872 2315 991 2368 minorem
1009 2314 1141 2383 permulta
1152 2312 1182 2366 111
1195 2312 1311 2366 Homero

802 2401 901 2454 sapere,
914 2385 1009 2451 x.148.

767 2455 848 2509 Astra
872 2471 920 2507 cur
942 2453 1063 2507 Lucretio
1088 2453 1142 2506 sint
1164 2457 1183 2481 ‘⁴
1196 2451 1311 2514 severa,'’

803 2542 886 2578 xxxv.
897 2523 957 2593 706.

768 2595 933 2648 Athenienses
956 2593 1072 2663 quidam,
1095 2591 1160 2663 quid
1186 2590 1313 2661 AEschylo

803 2665 867 2717 vitio
885 2664 1018 2725 verterint,
1037 2663 1109 2715 xxiii.
1123 2679 1186 2731 439.
1223 2678 1312 2714 eorum

804 2734 837 2786 de
850 2735 918 2804 stylo
931 2751 1039 2786 sensum
1050 2733 1217 2801 ignoramus,
1226 2730 1311 2784 xxviii.

803 2817 864 2874 577.
879 2805 960 2925 6male
980 2802 1103 2856 carebant
1123 2802 1179 2855 suis
1199 2800 1312 2870 praediis,

804 2893 865 2926 xxx.
899 2891 910 2926 1
933 2914 938 2927 .

768 2944 899 2996 Athletica
908 2888 972 3014 (inid
982 2942 1014 2996 ad
1026 2942 1140 2995 Heroica
1152 2941 1313 3003 attinuerint,

804 3014 875 3066 xxiv.
888 3014 949 3079 480.
969 3014 1031 3066 satis
1048 3013 1136 3081 ampla
1152 3011 1312 3064 carminibus

804 3084 933 3145 materies,
946 3102 1006 3136 xxv.
1020 3084 1170 3151 489-492.
1191 3100 1239 3134 cur
1248 3081 1313 3133 Ath-

803 3155 862 3207 letae
882 3154 980 3206 fuerint
1000 3152 1168 3222 optimatium
1190 3152 1313 3212 fautores,

804 3224 885 3276 xxvii.
899 3237 958 3288 542.
981 3222 1079 3290 peritiae
1099 3221 1230 3292 ejusmodi
1244 3219 1313 3291 apud

805 3293 959 3363 Euripidem
974 3292 1078 3354 indicia,
1091 3292 1163 3344 xxix.
1175 3291 1236 3360 605.

767 3362 942 3432 Ἀθροώτερον
959 3362 1115 3432 jucundius,
1133 3362 1178 3415 vii.
1192 3379 1236 3431 90.
1262 3378 1313 3413 non

803 3442 893 3486 tamen
905 3451 1015 3502 semper,
1028 3433 1063 3484 xi.
1075 3445 1133 3500 179.

769 3503 887 3555 Atlantis
912 3503 1011 3555 mentio
1035 3501 1099 3571 quid
1123 3501 1216 3562 valeat,
1241 3499 1313 3551 initio

806 3572 952 3643 Odysseiae,
974 3573 1009 3624 xi.
1026 3584 1083 3639 175.
1115 3569 1180 3640 quid
1201 3571 1229 3622 in
1251 3568 1314 3620 Pro-

804 3643 918 3704 metheo,
931 3641 1002 3694 xviii.
1016 3655 1076 3709 325.

771 3713 856 3764 Aterni
874 3711 1006 3781 Epicurei,
1019 3728 1067 3763 cur
1083 3708 1208 3761 Lucretio
1225 3709 1313 3776 placu-

805 3784 880 3844 erint,
900 3782 981 3833 xxxii.
999 3779 1059 3850 657.
1085 3780 1148 3832 solis
1167 3779 1196 3830 in
1213 3778 1313 3830 lumine

804 3854 951 3913 volitantes,
965 3868 1044 3902 xxxv.
1056 3864 1117 3929 709.

769 3923 869 3975 Atassae
897 3921 940 3990 pia
963 3920 1146 4000 tranquillrtas,
1172 3918 1235 3970 xvii.
1255 3933 1313 3986 304.

805 4010 867 4061 erga
892 3992 964 4043 Deos
994 3990 1115 4058 religiosa
1144 4005 1229 4049 mens,
1255 4000 1314 4056 307.

805 4062 927 4131 AEschyli
940 4061 1081 4129 specimen,
1095 4058 1166 4111 xxiii.
1181 4075 1242 4123 441.

769 4132 844 4184 Atrei
868 4133 952 4200 epulae
975 4129 1038 4201 quid
1062 4130 1089 4182 in
1116 4129 1314 4197 Agamemnone

805 4203 917 4263 valeant,
931 4201 1002 4253 xviii.
1016 4201 1077 4268 318.

769 4271 853 4324 Attici
862 4272 928 4324 vatis
938 4271 1063 4331 officium,
1074 4269 1207 4337 11111430.
1227 4266 1314 4326 Attici,

806 4342 935 4394 Minervae
959 4340 1102 4409 prophetae,
1129 4356 1190 4408 432.
1222 4338 1314 4390 Atticae

806 4413 876 4465 cives
889 4412 957 4464 fiunt
970 4411 1109 4480 Erinnyes,
1123 4423 1184 4478 437.
