2768 4876
170 302 236 366 sla
323 300 469 365 Laudari
481 322 503 365 α
518 300 658 365 Ρίοάανο
672 302 796 384 ffaam
811 303 1005 388 hospitatem:
1034 326 1132 371 rana.
1145 328 1219 371 xxv.

347 467 419 539 είπερ
431 490 456 523 τι
467 470 556 540 φιλεῖς
572 468 650 524 ἀκοὰν
665 469 752 524 ἁδεῖαν
766 470 806 525 ἀεί
824 470 918 535 κλαίειν,
930 470 965 541 μὴ
977 472 1057 543 κάμνε
1067 472 1128 528 λίαν
1139 473 1218 528 δαπά-

382 569 445 609 ναις·

347 638 410 706 ε’ξίει
421 637 443 692 δ’
457 640 546 709 ὥσπερ
559 639 713 710 κυβερνάτας
724 639 787 710 ἀνὴρ

348 725 432 779 ίστίον
443 724 558 794 ἀνεμόεν.

173 860 343 931 Meminit
361 861 527 931 videlicet
552 862 608 931 his
624 863 792 945 versibus,
811 864 902 933 sicut
920 865 1029 934 etiam
1053 866 1216 936 universo

169 975 232 1044 illo
258 976 422 1057 carmine,
446 977 703 1045 maritimarum
729 999 858 1062 rerum,
876 1001 1069 1070 earumque
1094 979 1218 1073 imagi·

170 1112 266 1172 num,
284 1114 365 1183 quae
383 1090 497 1160 solent
523 1098 653 1181 praesto
672 1113 748 1160 esse
768 1093 1037 1185 navigantibus:
1067 1117 1139 1164 non
1165 1096 1217 1164 in·

169 1213 263 1296 epte,
281 1205 338 1275 vel
355 1215 499 1298 propter
515 1206 760 1297 Syracusanos,
778 1215 922 1299 gentem
949 1208 995 1277 ad
1017 1230 1116 1279 mare
1138 1233 1216 1301 pro-

169 1321 434 1410 pensissimam
460 1319 518 1388 vel
536 1321 627 1410 quia,
645 1320 740 1411 quod
766 1329 872 1393 antea
897 1323 1091 1405 docuimus,
1112 1328 1215 1405 κῶμος

169 1433 230 1503 ille
246 1444 343 1505 trans
360 1434 501 1504 Ionium
519 1458 720 1506 accessurus
738 1445 813 1506 erat
830 1437 875 1506 ad
892 1436 1015 1509 limina
1032 1439 1186 1509 victoris.

220 1549 400 1628 Praeterea
419 1551 619 1622 decantatae
644 1552 703 1620 isti
729 1551 883 1644 largitati
901 1554 1100 1646 assignatur
1117 1555 1214 1644 quasi

168 1662 342 1754 praecipua
374 1686 416 1732 ac
451 1664 590 1755 propria
623 1662 709 1746 laua,
739 1672 864 1755 patens
893 1665 1047 1757 hospitio
1079 1667 1213 1750 domus,

168 1779 370 1869 neminique
401 1787 540 1872 negata.
594 1777 904 1862 Quemadmodum
935 1781 993 1853 dev
1010 1782 1214 1854 Xenocrate

168 1893 336 1976 diciturr,

484 1988 544 2044 οὐδὲ
554 2010 619 2042 ποτε
632 1988 718 2057 ξενίαν

378 2073 454 2146 οὖρος
465 2074 619 2144 ἐμπνεύσας
631 2073 762 2129 ὑπέστειλ’
776 2075 859 2129 ἱστίον
871 2074 940 2147 ἀμφὶ
951 2074 1086 2146 τραπέζαν·

376 2158 437 2213 ἀλλ’
450 2158 527 2230 ε’πίρα
538 2160 599 2215 ποτὶ
609 2160 657 2229 μὲν
669 2157 752 2214 Φᾶσιν
763 2159 881 2231 θερείαις,

378 2246 406 2301 ἒν
417 2245 446 2299 δὲ
457 2251 563 2316 χειμῶνι
572 2244 660 2300 πλέων
672 2245 769 2300 Νείλου
780 2247 847 2318 πρὸς
857 2244 943 2302 ἀκτάς.

221 2391 365 2464 Addam
399 2413 512 2483 pauca
545 2390 679 2460 cumuli
713 2389 802 2471 loco,
832 2413 912 2481 quae
947 2389 1033 2459 licet
1066 2389 1212 2459 minime

167 2507 360 2598 comparari
381 2506 576 2587 videantur,
595 2505 715 2574 dedita
740 2505 918 2596 scriptoris
943 2527 1058 2595 opera,
1084 2503 1129 2573 ad
1150 2504 1211 2575 ho-

166 2644 288 2689 norem
314 2620 365 2689 rei
389 2620 625 2712 gymnasticae‚
643 2628 842 2689 monstrent
863 2627 985 2688 tamen
1008 2640 1088 2687 eam
1113 2617 1212 2687 indo-

166 2733 250 2817 lem,
267 2757 375 2826 quam
392 2735 452 2803 diu
472 2733 697 2825 multumque
716 2733 970 2803 delectaverint
986 2741 1080 2803 artes
1097 2733 1212 2804 istiua-

166 2850 272 2921 modi.
324 2848 407 2918 Huc
425 2849 572 2918 fortasse
589 2848 706 2919 trahat
724 2849 850 2941 aliquis
867 2849 1211 2919 commendationem

166 2965 264 3034 illam
299 2963 535 3033 Corinthiacae
575 2964 738 3046 civitatis,
772 2965 862 3034 mire
895 2965 1129 3056 compositam
1165 2986 1210 3033 ex

166 3079 361 3172 Olympicis
386 3078 587 3161 honoribm,
605 3087 713 3170 atque
731 3101 777 3147 ex
798 3079 840 3148 iis
861 3079 995 3161 studiis,
1014 3104 1094 3171 quae
1112 3102 1210 3149 max·

166 3196 236 3264 ime
253 3195 432 3286 pertinent
448 3216 519 3262 non
536 3193 644 3262 modo
658 3195 703 3263 ad
717 3193 827 3262 vitam
841 3194 1073 3264 excolendam
1087 3217 1209 3265 verum

165 3309 272 3378 etiam
290 3310 336 3378 ad
352 3309 465 3399 ipsam
482 3306 634 3377 salutem
644 3315 668 3376 ².

304 3457 382 3528 ὔμμιν
393 3459 431 3523 δὲ,
442 3460 532 3515 παῖδες
542 3457 648 3522 Ἀλάτα,
660 3458 749 3515 πολλὰ
760 3457 807 3528 μὲν
819 3456 959 3529 νικάᾠορον
970 3454 1082 3528 ἀγλαΐαν

305 3543 411 3599 ὤπασθν
421 3544 446 3616 γ’
459 3544 547 3614 ἀκραις
558 3545 660 3615 ἀρεταῖς
672 3545 864 3615 ὑπερελθόντων
877 3547 954 3617 ίεροῖς
964 3544 992 3599 ίν
1003 3543 1149 3609 ἀίλθοισιν,

303 3628 392 3681 πολλὰ
404 3626 425 3681 θ
438 3627 465 3681 ἐν
477 3628 591 3697 καρδίαις
603 3627 702 3699 ἀνδρῶν
713 3629 811 3692 ἔβαλον

299 3710 378 3782 Ὧραι
389 3712 561 3783 πολυάνθεμοι
572 3714 667 3785 ἀρχαῖα
679 3712 836 3785 σοφίσμαθ.
852 3711 919 3769 ἅπαν
930 3711 953 3768 δ’
966 3711 1085 3782 εὕροντος
1097 3713 1185 3786 ἔργον.

164 3831 274 3915 Quasi
305 3855 387 3902 vero
417 3834 507 3902 tanti
538 3835 584 3903 sit
614 3835 770 3916 victoria,
802 3833 910 3904 semel
941 3842 1049 3925 atque
1078 3833 1211 3903 iterum

164 3948 261 4018 lucta
280 3948 336 4017 vel
357 3957 464 4019 caestu
488 3958 597 4041 parta,
615 3957 657 4018 ut
683 3956 935 4019 annumeretur
959 3949 1126 4018 maximis
1143 3947 1211 4019 Oo-

164 4064 282 4147 rinthi,
300 4072 408 4134 tantae
425 4064 589 4147 civitatis,
607 4064 832 4135 ornamentis.

303 4288 416 4342 yIrtlrm.
431 4305 454 4343 2.
467 4288 511 4354 56.
590 4276 595 4287 ⁸
823 4290 953 4359 ΖΟίμοιρ.
970 4305 1009 4357 13.
1027 4300 1066 4358 17.

889 4566 904 4624 1
