2768 4876
170 319 342 365 ramnus.
398 297 523 362 Habere
537 319 602 362 eom
616 299 915 384 somniumproorun
929 297 1084 366 rationein.
1149 299 1216 370 387

170 480 296 540 venant
319 467 464 539 Orestes
484 477 522 542 et
551 468 702 552 Electra,
721 493 792 539 non
813 471 925 556 semel
945 480 1084 541 tantum
1104 480 1215 564 ‘atque

168 588 308 667 iterum,
326 585 391 654 sed·
409 586 547 676 quoties
567 585 683 655 danda
704 593 758 655 est
780 607 885 677 opem
902 581 1104 658 solennibus
1121 589 1218 659 votis

169 699 345 779 invocant,
354 698 510 788 inquam,
525 698 567 767 iis
579 698 734 780 vocibus,
749 721 827 788 quae
843 700 992 768 teritum
1006 699 1137 782 adesset
1151 720 1213 771 au·

170 814 252 894 dire,
264 813 430 904 adjuvare
443 813 604 883 doceant.
632 812 827 896 Postremo,
841 812 1220 907 diligentiusexoutiat

169 929 275 998 velim
292 927 418 1018 aliquis
435 928 616 1019 primarias
637 927 743 1019 hujus
759 927 888 998 fabulae
906 952 1089 1020 personas:
1115 931 1214 1001 inve·

168 1044 242 1112 niet
272 1042 430 1135 profecto
459 1043 701 1135 gravissimam
727 1043 871 1134 pietatis
896 1044 1212 1137 significationem

169 1157 316 1228 mulceri
342 1159 473 1248 ubique
498 1158 723 1227 violentiores
744 1158 943 1228 animorum
966 1161 1132 1251 impetus,
1157 1184 1216 1230 oo·

168 1274 280 1343 hiberi
310 1273 556 1364 impotentiam
585 1272 668 1364 spei,
695 1272 834 1354 doloris,
860 1275 931 1356 irae,
956 1275 992 1343 vi
1019 1276 1150 1344 mentis
1176 1276 1214 1344 in

170 1389 327 1458 Deorum
362 1409 496 1458 numen
534 1389 696 1458 intentae.
763 1387 846 1459 Jam
881 1389 1054 1481 exemplis
1087 1388 1215 1480 quibus

169 1512 292 1596 potero
309 1503 509 1574 clarissimis
526 1503 817 1596 qmdripmtitam
842 1504 934 1574 hane
958 1505 1134 1575 rationem⁴
1152 1527 1215 1574 ex·

169 1620 298 1712 plicare
313 1620 507 1712 aggrediar.

218 1732 405 1825 Principio,
432 1720 527 1824 quod
553 1732 692 1822 aiebam
716 1740 875 1802 tenorem
902 1726 1007 1823 hujus
1023 1728 1216 1825 liagoedirs

168 1869 295 1941 magna
311 1871 357 1917 ex
378 1856 479 1940 parte
496 1848 716 1918 simillimum
741 1869 818 1917 esse
842 1870 988 1938 precum
1006 1845 1215 1930 solennium,

168 1984 249 2032 oum
269 1964 368 2054 justa
388 1963 587 2032 oaerimonia
612 1963 832 2045 habitarum
858 1963 994 2032 nemini
1015 1986 1087 2033 non
1104 1963 1216 2033 oredi-

169 2077 280 2147 derim
306 2079 342 2172 id
368 2078 443 2148 fore
468 2080 704 2170 perspicuum,
728 2079 789 2168 qui
815 2079 923 2147 modo
950 2079 1123 2149 attentius
1148 2075 1213 2148 sibi

168 2195 468 2285 repiaesentaverit
484 2196 640 2285 primum
655 2193 757 2263 illum
774 2190 915 2263 Orestis
930 2189 1152 2264 introitumb:

374 2360 457 2432 Ἐρμῆ
469 2362 567 2431 χθόνιε,
578 2358 675 2431 ποτρῶ’
688 2359 835 2415 ἐποπτεύων
848 2359 926 2431 κράτη

375 2448 464 2518 veria
475 2451 552 2519 γενοῦ
563 2469 609 2517 eu
619 2446 754 2518 ualuis
765 2447 787 2502 τ’
800 2448 948 2520 αἰτουμένῳ·

375 2535 428 2602 ἥκω
438 2535 490 2605 γὰρ
502 2534 529 2590 r'r
539 2535 588 2605 γῆν
599 2532 674 2601 vir&
686 2534 727 2587 καὶ
740 2532 904 2604 κατέρχομαι·

375 2619 475 2688 τύμβου
487 2618 510 2673 δ’
523 2619 562 2673 ἐπ’
575 2618 646 2691 ὄχθῳ
658 2620 724 2692 τῷδε
736 2618 860 2690 κηρύσσω
871 2620 951 2689 πατρὶ

376 2706 470 2771 κλύειν,
482 2707 599 2761 ἀκοῦσαι.

166 2877 260 2948 Eoee
290 2876 390 2946 vobis
422 2876 504 2966 ipso
528 2874 568 2942 iu
595 2873 719 2944 limine
745 2873 944 2968 Tragoedias
974 2882 1145 2945 venentur
1173 2874 1211 2943 in

164 3002 281 3084 portes
313 2991 504 3079 sanntiores
537 2991 620 3058 dnm·
642 3011 812 3081 personae,
836 2991 951 3060 altera
978 2990 1087 3081 ipsius
1112 2987 1211 3082 Aga-

164 3106 373 3187 memnonis,
408 3103 622 3196 jampridem
664 3104 834 3185 defuncti,
876 3104 989 3174 ultera
1027 3103 1210 3185 Mercurii,

164 3221 322 3292 Deorum
347 3220 512 3289 Manium
537 3219 678 3302 nuncii3
706 3242 860 3310 quorum
881 3227 1074 3311 utrumque
1100 3219 1210 3289 teoite

164 3338 200 3406 in
227 3359 336 3407 noenu
358 3334 487 3405 versari
514 3333 637 3417 voluit,
663 3342 705 3403 ut
732 3335 898 3417 arbitror,
922 3333 1119 3428 AEsohylns
1145 3356 1210 3427 per

163 3452 365 3520 universum
382 3450 487 3540 hujus
505 3449 676 3519 dramatis
687 3450 892 3520 decursum:
919 3450 1038 3532 taoita,
1054 3450 1209 3540 inquam,

163 3566 377 3659 intelligitur
416 3587 538 3634 eorum
577 3566 772 3655 prementia,
806 3565 970 3656 nullique
1003 3564 1213 3635 mortalium

164 3680 274 3751 oeulis
295 3703 452 3772 unquam
474 3679 694 3772 sepitionem
720 3703 792 3750 non
808 3688 932 3750 tamen
950 3681 1077 3762 inanis·5
1091 3696 1212 3770 neque

163 3794 269 3865 dubia
286 3805 383 3864 reote
407 3793 651 3864 sentientibus.
703 3793 775 3863 Sed
793 3795 952 3885 profecto
970 3816 1013 3862 ea
1029 3817 1084 3872 res
1102 3794 1208 3886 digna

163 3915 226 3989 est,
238 3931 318 3998 quae
335 3931 399 3999 per
412 3931 449 3978 se
462 3908 573 3976 fusius
587 3907 707 3998 paullo
720 3916 938 3999 exponatur3
962 3929 1056 3976 nuno
1069 3927 1206 3990 moneo,

163 4021 206 4091 de
235 4022 407 4092 industria
437 4023 562 4093 fecisse
592 4020 809 4114 AEsohylum,
840 4029 881 4090 ut
911 4022 948 4090 in
978 4022 1053 4114 ipso
1087 4023 1207 4092 statim

594 4285 606 4318 ⁸
625 4287 736 4357 campi.
752 4304 774 4341 1.

632 4396 654 4445 c
673 4401 692 4447 e
712 4383 733 4446 2
