2768 4876
164 313 229 380 466
451 316 502 378 Do
515 316 641 400 Lprlcae
656 318 778 380 Poesoos
791 318 926 381 ratane.-
1014 341 1108 382 rnnn.
1120 341 1209 383 xxrv.

165 486 313 557 obscura
328 490 483 579 quaestio,
502 490 615 581 primo
636 513 682 558 an
703 492 786 559 satis
809 499 906 560 recte
929 490 1149 560 collocentur
1173 489 1210 557 in

165 625 311 671 numero
338 627 460 672 eornm
486 604 688 686 Poetamm,
715 628 803 695 quos
832 628 896 674 suo
916 605 998 695 jure
1027 606 1211 696 primarios

165 718 341 810 appellare
361 719 478 790 solco:
508 719 645 800 deiude,
664 744 823 811 quaenam
842 723 1016 812 ponendae
1034 722 1115 804 sint,
1133 729 1212 790 tan-

166 856 271 924 quam
285 836 431 926 propriae
445 858 486 904 ac
499 837 689 927 praecipuae
703 837 872 927 cujusque
888 843 1015 926 partes,
1027 837 1105 926 quis
1117 837 1211 927 apud

165 970 342 1038 quemque
360 950 561 1018 dominetur
579 949 695 1018 fatalis
715 949 770 1036 (ut
787 951 837 1019 ita
855 951 984 1040 (licam)
1005 950 1152 1020 Genius.

216 1063 289 1132 Cur
313 1073 434 1133 autem
460 1066 496 1133 in
523 1062 650 1156 Lyrioo
677 1066 899 1156 potissimum
929 1088 1059 1157 genere
1086 1073 1212 1157 regnet

165 1200 216 1259 ea,
243 1201 347 1268 quam
375 1180 566 1270 querimur,
593 1180 796 1260 obscuritas,
823 1202 894 1247 non
921 1181 1048 1248 desunt
1074 1179 1212 1248 idoneae

165 1315 301 1375 causae3
328 1317 476 1384 quarum
497 1294 603 1362 hodie
627 1295 833 1364 nonnullam
853 1303 999 1386 partem,
1017 1303 1059 1363 ut
1076 1303 1212 1387 potero,

165 1430 351 1499 exponam,
386 1409 588 1500 priusquam
623 1411 667 1478 ad
704 1409 889 1480 Pindarico
922 1410 1126 1502 aggrediar:
1169 1411 1213 1479 de

165 1523 292 1612 quibus
316 1525 384 1592 rite
401 1532 438 1592 et
456 1524 577 1592 ordine
599 1525 849 1614 disputandum
874 1534 950 1593 erat
976 1525 1120 1594 anobis
1145 1524 1212 1593 hoc

164 1642 321 1710 maxime
356 1650 527 1732 tempore,
559 1641 729 1724 absolutis
759 1641 802 1710 iis
832 1665 908 1732 quae
937 1643 981 1711 ad
1013 1641 1211 1710 Homerum

165 1779 311 1848 quaeque
329 1756 373 1826 ad
395 1755 596 1848 AEschylum
615 1756 851 1846 pertinebant.

215 1871 272 1941 Ac
290 1874 442 1963 primum
462 1874 620 1941 omnium
642 1872 677 1939 id
697 1895 758 1940 vos
775 1872 974 1940 admonitos
992 1871 1121 1953 velim3
1148 1871 1213 1941 sub

165 2010 236 2055 uno
254 1986 315 2056 illo
335 1986 542 2079 Lyricorum
568 1988 711 2055 nomine
728 2009 749 2055 a
767 2010 824 2055 me
843 1987 1092 2078 comprehendi
1111 1995 1215 2078 quot-

166 2113 254 2194 quot
284 2126 431 2193 usquam
459 2102 650 2171 Poetamm
682 2103 837 2171 carmina
866 2102 910 2171 ad
941 2112 1082 2193 tempus
1108 2103 1216 2193 scrip-

166 2227 298 2300 serunt,
321 2219 428 2287 animi
455 2241 580 2300 causa;
608 2217 706 2286 nullo
733 2226 904 2309 perpetuo
931 2226 1053 2287 tenore
1076 2226 1215 2287 servato

166 2333 222 2402 vel
253 2333 416 2402 narrandi
447 2333 502 2402 vel
540 2333 820 2424 philosophandi.
874 2331 1029 2425 Lyricos,
1059 2333 1215 2422 inquam,

167 2471 289 2518 omnes
307 2447 519 2540 compellare
537 2448 652 2530 liceat,
672 2450 851 2517 varientur
873 2448 957 2517 licet
981 2449 1119 2516 infinite
1136 2457 1215 2516 tum

166 2565 321 2634 numeris
348 2573 424 2633 tum
455 2563 649 2646 affectibus,
679 2572 757 2632 tum
785 2564 893 2632 etiam
922 2563 1042 2655 spatiis
1071 2564 1216 2655 ipsaque

166 2680 412 2772 magnitudine
429 2687 646 2769 poematum.
697 2677 794 2747 Nam
813 2701 874 2747 seu
893 2678 1117 2770 tranquillius
1143 2679 1216 2746 sive

167 2793 421 2874 vehementius,
450 2815 512 2862 seu
543 2792 694 2883 pressius
725 2792 798 2861 sive
826 2790 968 2861 liberius
995 2791 1216 2883 ampliusque

168 2909 349 2988 disserant,
365 2907 400 2976 id
418 2929 503 2976 sane
520 2929 708 2976 commune
726 2905 870 2987 habent,
885 2908 978 2996 quod
996 2907 1217 2982 abundantes

168 3023 392 3093 aestuantium
427 3021 624 3090 animorum
655 3043 776 3090 sensus
807 3021 1034 3111 explicandos
1063 3022 1129 3091 sibi
1160 3044 1218 3091 su-

167 3147 271 3206 munt
288 3137 403 3206 verbis
429 3137 467 3204 in
489 3159 677 3205 numerum
704 3136 915 3227 compositis,
939 3136 1123 3206 consilium
1150 3137 1217 3206 sibi

168 3253 348 3343 capientes
365 3275 385 3320 e
403 3275 441 3321 re
464 3260 557 3333 nata,
576 3274 658 3332 uon,
676 3259 717 3319 ut
740 3251 854 3341 Epici,
872 3250 928 3319 vel
946 3251 1095 3343 Tragici,
1113 3250 1171 3319 vel
1192 3251 1218 3319 ii

168 3369 228 3457 qui
259 3368 427 3436 dicuntur
461 3364 647 3445 dalamanci,
679 3367 853 3435 rationem
888 3369 1052 3436 carminis
1082 3366 1218 3434 dudum

168 3485 263 3575 prius
281 3483 406 3551 initam
425 3483 556 3573 ubique
573 3504 694 3550 secum
712 3482 877 3550 ferentes.

218 3599 301 3667 Jam
325 3598 419 3687 quod
445 3599 489 3666 ad
519 3595 731 3665 vocabulum
757 3597 908 3678 attinet;
934 3619 1006 3666 non
1032 3594 1125 3664 male
1151 3595 1221 3664 for-

169 3725 261 3785 tasse
279 3715 385 3794 dicae,
402 3713 601 3782 istiusmodi
623 3710 829 3802 scriptorem
853 3734 873 3780 e
898 3711 991 3803 Lyra
1014 3733 1077 3781 sua
1098 3720 1221 3801 petere

169 3829 315 3900 consilia
340 3852 402 3919 pro
428 3851 467 3897 re
492 3851 533 3897 ae
560 3837 741 3917 tempore;
769 3827 967 3918 praesertim
989 3849 1072 3895 cnm
1095 3827 1131 3894 iu
1153 3826 1222 3897 hoc

169 3965 299 4034 genere
314 3949 501 4032 tantopere
516 3939 630 4009 valeat
649 3961 876 4007 numerorum
891 3944 928 4007 et
941 3937 1098 4029 rhythmi
1112 3939 1221 4019 rati03

22 4088 28 4096 ·
93 4112 96 4119 .
171 4078 217 4124 ex
252 4077 321 4145 qna
356 4055 552 4144 saepissime,
590 4052 699 4143 (quod
735 4050 862 4120 melius
898 4059 1029 4121 norunt
1066 4051 1221 4142 experti)

171 4171 245 4260 ipse
266 4169 444 4262 cogitandi
469 4191 589 4238 cursus
615 4191 656 4236 ac
683 4176 786 4236 tenor
804 4166 1014 4258 digerendus
1032 4164 1111 4235 erit.
1165 4165 1222 4234 Ex

172 4306 242 4376 quo
259 4283 421 4364 efficitur,
439 4283 565 4352 eodem
585 4283 668 4372 jure
685 4303 787 4373 posse
805 4303 865 4350 eos
882 4280 1050 4371 appellari
1066 4278 1221 4372 Lyricos,
