2768 4876
109 329 299 372 nanuum.
433 309 484 372 Do
498 308 628 394 Probpo
643 309 857 373 Ειισιοινίόιοη.
1097 305 1160 371 417

110 501 223 561 mum,
242 500 350 569 quam
370 478 554 570 scrupulis,
576 479 666 568 siqui
691 479 891 561 inciderint,
916 478 1074 548 nondum
1100 499 1162 548 ex-

112 593 243 684 emptis
259 593 305 662 de
321 592 489 682 aequitate
506 589 646 660 Summi
662 589 843 661 Numinis.

163 705 371 798 AEschylum
402 711 524 774 autem
550 704 657 774 fuisse
687 705 894 796 participem
921 705 1034 773 sancti
1058 703 1160 773 istius

114 825 153 888 et
170 818 308 888 honesti
327 816 467 899 doloris,
484 816 542 886 vel
558 839 601 886 eo
619 815 787 886 credibile
807 816 859 897 fit,
876 816 971 907 quod
992 818 1022 887 is
1042 817 1079 885 in
1098 839 1160 886 cx-

114 940 268 1001 trcmum
294 931 399 1024 plana
419 931 616 1013 discrimen,
634 931 755 1001 dedita
771 955 887 1023 opera,
904 954 981 1001 rem
1000 930 1160 1000 adduxit.

116 1046 260 1137 Nempe
277 1044 449 1136 usquead
470 1067 556 1126 aras,
574 1045 668 1136 quod
689 1046 799 1127 aiunt,
816 1048 1039 1137 prosequitur
1056 1045 1162 1115 Ores·

113 1169 189 1230 tem
206 1160 337 1230 vindex
356 1159 541 1229 Furiarum
559 1168 710 1230 caterva.
751 1160 819 1230 Ille
835 1168 933 1231 totus
950 1163 1058 1231 estin
1076 1160 1163 1230 effu-

114 1276 254 1367 giendo,
271 1283 309 1344 et
329 1278 406 1365 Jam
425 1275 572 1365 jamque
597 1275 759 1357 elabitur,
775 1275 875 1366 quasi
892 1275 1052 1367 quaedam
1075 1276 1161 1359 fera,

115 1389 323 1459 tenuissimo
348 1387 534 1458 intervallo
559 1391 740 1480 temporis,
757 1390 803 1460 de
819 1391 1026 1459 venantium
1050 1391 1163 1459 mani·

114 1501 191 1572 bus.
244 1501 376 1594 Neque
400 1501 504 1571 facile
530 1503 727 1593 putaverim
747 1503 818 1597 legi
839 1525 941 1594 posse
957 1499 1104 1597 πάροδον
1121 1502 1163 1571 il-

114 1617 186 1686 lam
203 1616 369 1686 horrendi
383 1616 500 1698 Chori,
514 1617 589 1686 sine
606 1616 732 1687 anhela
746 1619 898 1708 quadam
915 1618 1162 1700 sollicitudine,
1293 1624 1296 1630 '

114 1731 227 1821 qualis
261 1754 433 1822 occupare
468 1730 559 1801 solet
592 1732 727 1801 animos
760 1733 960 1824 oculosque,
991 1731 1057 1801 sub
1086 1733 1163 1823 ipso

114 1854 260 1938 aspectu
277 1847 564 1938 persequentium
587 1855 626 1915 et
646 1845 874 1917 elabentium.
928 1847 971 1916 ld
988 1847 1083 1938 quod
1101 1871 1163 1939 op-

114 1961 202 2031 time
228 1963 403 2054 expressit
426 1962 548 2044 Poeta,
566 1961 623 2030 vel
648 1963 724 2054 ipso
750 1985 863 2033 scanae
888 1971 1068 2054 apparatu,
1092 1985 1163 2054 quo

114 2085 273 2169 tempore
298 2078 452 2169 primum
478 2077 654 2147 tolluntur
677 2076 801 2159 aulaea,
821 2079 902 2148 visis
927 2077 1043 2169 palam
1067 2078 1163 2149 intus

113 2192 148 2260 in
165 2193 274 2286 adyto
285 2215 366 2285 quae
380 2193 495 2262 verbis
511 2193 607 2284 prius
624 2193 894 2263 adumbraverat
907 2189 1162 2289 προλογίζουσα

180 2303 273 2391 hiab,

113 2304 180 2399 pyt
466 2400 505 2456 ἐπ’
517 2401 629 2475 όμφιίλῳ
640 2403 688 2472 μὲν
699 2401 780 2474 ἄνδρα
791 2402 906 2472 θεομυσῆ

325 2489 403 2559 ἕδραν
414 2489 516 2560 ἔχοντα,
527 2491 732 2559 προστρόπαιον,
744 2489 831 2558 αἵματι

325 2574 453 2642 στάζοντα
464 2576 561 2645 χεῖρας,
575 2574 616 2627 καί
628 2574 770 2631 νεοσπαδὲς
781 2575 861 2646 ξίφος

325 2656 419 2727 ἔχοντ’,
433 2657 522 2712 ε’λαίος
533 2655 556 2710 θ
568 2655 739 2727 ὑψιγέννητον
750 2657 854 2713 κλάδον.
865 2700 871 2714 .
883 2700 889 2714 .
900 2701 906 2715 .

186 2815 190 2819 ⁴
324 2742 443 2814 πρόσθεν
455 2742 483 2796 δὲ
495 2742 603 2812 τάνδρὸς
612 2745 688 2797 τοῦδε
700 2743 848 2813 θαυμαστὸς
859 2747 940 2816 λόχον

325 2826 394 2880 εὕδει
405 2832 530 2898 γυναικῶν
542 2827 569 2881 ἐν
580 2827 712 2897 θρόνοισιν
723 2829 822 2898 ἥμενος.

163 2950 289 3043 Atque
305 2950 374 3020 hoc
390 2951 428 3019 in
445 2950 523 3020 loco
540 2951 658 3020 videte
677 2953 853 3050 judicium
871 2949 1043 3045 AEschyli.
1096 2951 1162 3021 Ni·
1191 2994 1196 3005 ·

116 3066 244 3135 mirum
270 3065 332 3134 ubi
359 3064 581 3156 proditurum
607 3074 682 3135 erat
708 3067 745 3134 in
770 3066 890 3137 oculos
920 3065 1162 3158 spectaculum

116 3189 245 3271 praeter
266 3179 411 3250 solitum
436 3180 591 3250 immane
617 3188 655 3250 et
680 3189 792 3263 atrox,
810 3182 1024 3273 praemonuit
1048 3181 1162 3250 bomi-

116 3316 177 3364 nes
193 3293 280 3384 quid
297 3301 486 3383 expectare
504 3293 686 3376 deberent,
703 3316 749 3364 ne
768 3296 857 3364 visas
874 3304 1021 3386 repente
1039 3295 1161 3365 Furias

115 3406 285 3477 increduli
316 3407 482 3476 odissent.
540 3407 681 3478 Deinde
714 3409 803 3478 illud
835 3433 906 3479 non
940 3411 1161 3503 ingeniosum

116 3525 232 3604 modo,
251 3543 373 3590 verum
391 3521 500 3590 ctiam
524 3523 729 3614 gravissimo
746 3523 876 3594 affectu
893 3524 1048 3615 plenum,
1065 3527 1161 3616 quod

116 3637 229 3707 multo
246 3656 361 3716 manc,
372 3658 443 3726 quo
456 3643 618 3727 tempore
631 3637 833 3708 solennibus
850 3641 988 3709 intenta
1001 3640 1176 3716 sacerdos.

113 3751 157 3822 ad
167 3773 232 3821 sua
244 3771 354 3842 pensa
363 3750 567 3832 accedebat,
578 3750 666 3821 nihil
680 3753 824 3822 omnino
835 3753 908 3824 tale
921 3756 1161 3847 cogitans⁰‚-

465 3892 489 3946 εί
500 3892 559 3963 παρ’
571 3893 704 3963 Ἑλλήνων
714 3896 788 3961 τινὲς,

325 3975 386 4032 ίτον
396 3977 471 4052 πόλιν
482 3978 615 4050 λάχοντες,
627 3981 662 4038 ὣς
672 3981 808 4051 νομίζεται·

324 4065 479 4133 μσντενόμαι
491 4064 549 4135 γὰρ,
562 4065 596 4121 ὥς
606 4063 638 4119 ἂν
649 4065 739 4137 ἡγῆται
751 4066 852 4124 θεόν’·-

252 4256 267 4294 l'
285 4257 362 4312 Eum.
377 4273 420 4324 40.
858 4267 875 4330 ὲ
893 4259 960 4313 ibid.
973 4274 1017 4327 31.

608 4368 630 4415 Ε
648 4371 668 4415 θ
