2768 4876
162 352 257 401 rann.
271 352 364 394 xxm.
474 330 523 393 Do
531 351 657 414 prmum
670 349 775 393 ιονιιυι
790 329 913 393 ratium.
1147 329 1211 398 469

379 498 570 572 χειμωνοτύπῳ,
582 501 679 568 βροντῇ
692 500 807 568 στεροπῇ

379 585 411 651 τ’,
424 587 633 656 ὀρβροφόροισιν
643 584 665 638 τ’
678 584 779 658 ἀνέμοις
790 583 881 654 ἀγρίας

381 672 445 728 ἁλὸς
455 668 610 740 ἀντήσαντες
621 669 731 724 ὄλοιντο.

170 786 238 857 Eas
264 789 309 858 ad
337 798 536 877 utramque>
549 807 622 852 rem
651 804 754 852 voees
780 782 961 864 adhibent,
982 807 1063 874 quae
1090 805 1214 853 eonve-

169 905 267 971 uiant
302 901 431 993 puellis
466 898 576 969 semel
611 898 717 966 modo
752 897 1013 990 navigationem
1049 898 1214 989 expertis.

172 1017 301 1108 Neque
327 1016 416 1086 illud
442 1017 567 1106 opinor
592 1012 840 1092 omittendum,
866 1012 978 1082 levius
1003 1012 1097 1094 lieet,
1122 1013 1214 1103 quod

171 1134 295 1203 mediis
316 1133 351 1199 in
372 1129 550 1200 doloribus
567 1130 805 1197 meminerunt
823 1129 987 1204 vestium.
1005 1129 1097 1196 foede
1124 1127 1215 1197 laoe·

171 1256 337 1328 ratarum,
351 1244 486 1315 solenni
504 1244 703 1336 lugentium
722 1265 819 1311 more
830 1252 856 1310 l.

382 1389 495 1442 πολλάκι
507 1385 529 1441 δ
542 1387 654 1456 ε’μπιτνῶ
666 1386 713 1453 ξὺν
723 1386 809 1439 λακίδι

382 1475 503 1536 λίνοισιν,
515 1472 530 1541 ἦ
544 1473 644 1542 Σιδονίᾳ
658 1471 799 1543 καλύπτρᾳ.

174 1585 299 1655 Metus
319 1596 416 1656 oerte
436 1586 564 1676 trepidi
587 1607 718 1666 earum,
736 1585 857 1654 audito
883 1586 1037 1676 primum
1059 1587 1103 1654 de
1128 1608 1217 1654 nave

174 1698 388 1792 AEgyptiaoa
408 1701 557 1782 nuneio;
583 1710 661 1768 tum
684 1702 792 1769 etiam
814 1721 943 1791 anceps
969 1699 1030 1768 illa
1056 1702 1217 1791 suspicio,

175 1838 243 1904 qua
260 1804 460 1907 Pelasgum,
479 1815 728 1907 benignissime
746 1814 971 1895 salutantem,
984 1815 1045 1882 diu
1061 1814 1220 1883 reformi-

176 1929 279 1998 dant:
306 1929 381 1998 haeo
394 1928 480 1998 talia
497 1937 589 2008 sunt,
604 1937 646 1999 ut
660 1937 786 2020 sponte
799 1928 910 1998 ouivis
923 1938 1118 2010 occurrant,
1136 1931 1219 1999 ado·

176 2042 448 2112 lesoentularum
465 2052 583 2134 partes
600 2043 759 2136 fingenti.

224 2156 320 2225 Illud
337 2156 430 2226 forte
447 2158 621 2239 subtilius
639 2158 732 2248 quod
755 2156 889 2225 edoctae
912 2179 933 2225 a
958 2165 1058 2247 patre
1075 2159 1218 2247 quinam

179 2269 335 2341 Deorum
353 2273 576 2363 potissimum
593 2273 664 2340 sint
681 2270 877 2351 invocandi,
896 2269 1041 2361 singulis
1058 2271 1220 2361 preoibus

178 2384 354 2477 proprium
366 2384 501 2453 addunt
512 2384 654 2474 aliquid,
666 2385 759 2474 quod
773 2383 928 2452 maxime
941 2384 1034 2474 apud
1045 2407 1221 2475 quemque

179 2501 285 2588 possit
305 2497 431 2567 valere.
483 2498 597 2568 Verbi
614 2498 737 2589 gratia,
756 2496 962 2587 Apollinem
980 2496 1036 2566 his
1050 2507 1193 2568 orantl:

388 2637 515 2703 καλοῦμεν
527 2633 607 2704 anyer
618 2631 693 2700 ἡλίου
706 2631 856 2702 σωτηρίους,

388 2720 466 2790 ἁγνόν
477 2719 499 2773 τ’
511 2718 633 2772 Ἀπόλλω
645 2716 740 2788 φυγάδ’
753 2716 795 2771 ἀπ’
809 2718 916 2786 οὐρανοῦ
929 2716 994 2772 θεόν,

389 2805 450 2858 ἰδὼν
460 2802 492 2858 ἂν
503 2800 580 2858 αἶσαν
592 2803 675 2872 τήνδε,
688 2801 809 2874 συγγνοίη
820 2804 934 2872 βροτοῖς.

176 2925 302 3017 Ἀγνὸν
333 2926 467 2996 soilieet
497 2924 686 3015 appellant,
717 2946 787 3015 quo
816 2925 990 3015 virginum
1018 2925 1134 3009 choro,
1159 2935 1222 3022 φυ-

180 3037 275 3131 γάδα,
295 3064 365 3132 quo
391 3040 564 3119 exsulum,
582 3040 775 3130 propitium
802 3040 961 3108 reddant.
1014 3039 1153 3112 Deinde
1175 3045 1219 3113 ad

180 3155 392 3247 Neptunum
409 3156 567 3224 conversi
586 3156 695 3234 aiunt,

388 3296 447 3350 ἀλλ’
461 3296 489 3351 εὖ
500 3295 522 3350 τ’
535 3296 660 3367 ἔπεμψεν,
673 3293 702 3349 εὖ
713 3295 741 3349 τὲ
754 3294 873 3362 δεξάσθω
884 3294 968 3364 χθονί·

181 3421 349 3491 beneficia
372 3421 552 3511 praeterita
569 3419 755 3488 afferentes
776 3420 811 3487 in
836 3429 1084 3510 argumentum
1101 3443 1223 3493 eorum

182 3559 258 3626 quae
280 3543 474 3627 sperantur.
526 3534 646 3604 Tertio
670 3534 748 3603 loeo
766 3534 863 3602 venit
881 3533 1102 3605 Mercurius:
1128 3536 1223 3607 huno

181 3673 380 3741 praeoonem
420 3650 526 3720 officii
565 3651 619 3719 sui
658 3650 859 3718 meminisse
897 3649 1030 3730 volunt,
1068 3652 1221 3720 maxime

182 3774 367 3857 propterea
386 3767 480 3856 quod
506 3764 626 3834 liberae
654 3771 736 3832 sunt
761 3764 863 3853 ipsae,
876 3763 1058 3855 dignaeque
1075 3765 1118 3832 ad
1137 3787 1223 3855 quas

182 3881 352 3973 propitius
369 3879 430 3948 ille
447 3878 610 3948 advolet:

391 4015 537 4086 ε’λευθέροις
548 4019 593 4069 νῦν
604 4015 688 4070 ε’σθλὰ
701 4013 864 4084 κηρυκευέτω.

184 4140 358 4223 Quorsum
382 4160 464 4207 vero
489 4138 563 4207 haeo
588 4136 728 4205 oinnial
769 4136 955 4218 Quoniam,
974 4143 1018 4203 'ut
1044 4134 1131 4204 mihi
1149 4137 1224 4228 qui-

319 4342 333 4378 7
353 4332 417 4400 Sap.
434 4331 492 4383 126.
875 4338 886 4366 2
905 4329 972 4382 Ibid.
987 4345 1046 4382 σοι.
