2768 4876
168 348 255 390 rann.
268 350 405 392 xxxvm.
447 329 580 393 libentem
594 331 682 394 illum
690 333 836 415 pueritia
851 333 1016 396 recordari.
1149 332 1212 399 765

304 497 340 551 Et
352 506 441 552 tamen
453 497 587 552 interdum
599 517 698 568 magno
710 501 821 570 quaesita
832 500 922 555 labore

306 582 377 638 (lum
386 584 444 654 jam
455 601 501 653 per
512 593 596 638 terres
608 585 741 647 fmndeut,
754 595 834 657 atque
846 587 936 640 omnia
948 587 1051 649 florent,

306 669 363 723 Aut
375 670 464 724 nimiis
476 678 559 724 torret
571 670 721 725 fervoribus
733 672 858 726 aetherius
872 673 927 737 Sol,

304 755 362 808 Aut
374 754 455 809 subiti
468 755 602 824 perimunt
613 755 721 820 imbres,
734 756 881 828 gelidaeque
893 758 1006 826 pruinae,

306 838 452 910 F'labraque
463 848 605 894 ventorum
616 841 732 895 violento
744 842 850 896 turbine
862 851 977 896 versant.

166 932 319 1006 Habetis
343 937 523 1028 querelam
557 939 642 1007 satis
676 947 858 1031 argutam:
896 941 953 1009 cui
987 950 1106 1010 tamen
1143 965 1213 1011 uno

164 1047 271 1117 verbo
289 1050 455 1119 medetur
472 1049 645 1144 Virgilius
659 1060 699 1122 ¹¹:

693 1168 771 1224 Pater
781 1171 839 1240 ipse
852 1172 957 1226 colendi

306 1252 388 1307 Haud
400 1254 504 1307 facilem
517 1271 574 1308 esse
586 1255 656 1308 viam
667 1255 760 1319 voluit,
773 1257 927 1327 primusque
939 1275 986 1327 per
998 1266 1081 1311 artem

305 1339 392 1393 Movit
404 1358 491 1410 agros,
505 1342 576 1395 curis
589 1359 687 1395 acuens
700 1343 821 1396 mortalia
832 1342 921 1406 corda,

305 1423 362 1478 Nec
375 1435 478 1495 torpere
490 1428 564 1496 gravi
577 1444 672 1496 passus
685 1444 733 1481 sua
746 1446 827 1498 regna
840 1437 956 1482 veterno.

165 1520 348 1613 Ejusmodi
365 1523 610 1614 exemplorum
628 1525 766 1594 infinita
789 1549 898 1616 prope
916 1537 970 1595 est
987 1548 1106 1618 seges:
1126 1548 1213 1615 quo-

164 1658 239 1705 mm
268 1640 426 1707 omnium
462 1663 504 1708 ea
534 1641 585 1708 vis
620 1651 684 1721 est,
716 1652 756 1709 ut
790 1643 825 1710 in
861 1642 1039 1710 mitiorem
1075 1649 1211 1731 partem

164 1751 331 1844 pleraque
355 1755 610 1846 interpretetur
626 1756 808 1850 Virgilius,
826 1781 903 1847 quae
924 1757 1092 1827 Lucretio
1110 1754 1211 1825 nullo

164 1869 268 1938 modo
304 1870 486 1940 toleranda
516 1872 734 1940 videbantur.
786 1871 910 1962 Atque
938 1873 973 1939 in
1002 1895 1044 1941 ea
1071 1894 1109 1940 re
1140 1894 1211 1939 non

165 2006 297 2074 parum,
333 1995 375 2055 ut
409 1988 542 2078 opinor,
577 1987 711 2077 adjuvit
746 2011 828 2056 eum
867 1989 1067 2069 tenerrima,
1102 2009 1208 2077 quam

167 2120 303 2191 semper
313 2102 467 2182 fovebat,
476 2102 687 2193 juvenilium
707 2126 879 2171 annorum
896 2103 1076 2171 memoria.
1103 2101 1209 2184 Quod

81 2293 85 2303 ¹
166 2224 286 2285 contra
309 2217 403 2308 apud
422 2217 627 2286 Lucretium
656 2217 740 2286 nihil
767 2217 839 2286 tale
865 2218 1007 2286 subesse
1025 2216 1209 2310 intelligo:

166 2330 222 2421 qui
240 2330 339 2400 nullo
365 2355 519 2422 unquam
537 2341 708 2423 tempore,
728 2332 820 2423 quod
848 2334 967 2415 sciam,
986 2355 1067 2401 oum
1091 2355 1210 2402 amore

166 2458 200 2516 et
225 2447 413 2518 dulcedine
439 2451 569 2540 repetit
597 2449 759 2540 puerities
785 2472 855 2518 suae
886 2449 982 2517 lusus
1008 2457 1046 2518 et
1071 2449 1208 2541 gaudia.

166 2569 205 2640 Id
234 2573 339 2662 quod,
369 2581 411 2641 ut
445 2573 532 2641 mihi
564 2572 705 2662 quidem
734 2574 883 2653 videtur,
919 2572 1210 2664 significationem

164 2685 271 2757 babet
289 2711 359 2757 non
377 2688 520 2756 dubiam
539 2688 665 2756 futurae
683 2687 871 2778 aliquando
889 2688 1045 2756 insaniae.

211 2801 295 2871 Jam
329 2802 531 2884 videndum,
570 2825 614 2870 an
650 2803 711 2871 illa
743 2826 884 2893 quoque
924 2801 1209 2872 dissimilitudine

165 2918 278 2986 notari
302 2917 431 2986 debeat
456 2940 519 3008 par
541 2918 660 2988 nobile
687 2918 928 2987 Romanorum
956 2928 1088 2999 vatum,
1116 2917 1210 3008 quod

165 3031 321 3102 locorum
347 3032 572 3102 familiarium
598 3035 778 3103 mentione
805 3034 1030 3125 supersedeat
1058 3032 1212 3125 plerum-

165 3172 232 3239 que
261 3148 458 3230 LucretiuS,
486 3148 658 3241 Virgilius
686 3172 756 3216 non
784 3148 853 3217 alia
887 3172 924 3217 ro
953 3149 1066 3241 magis
1094 3170 1131 3217 se
1158 3170 1210 3216 so·

165 3263 235 3334 leat
261 3264 448 3334 delectare.
497 3264 649 3333 Evolvas
676 3265 760 3334 licet
783 3288 804 3333 a
830 3264 1000 3356 principio
1028 3264 1073 3332 ad
1102 3263 1210 3332 finem

165 3402 284 3448 omnes
309 3387 484 3469 quotquot
508 3387 590 3448 sunt
610 3378 716 3447 libros
742 3379 909 3461 Lucretii,
931 3403 976 3448 ne
1000 3378 1109 3448 semel
1136 3379 1213 3469 qui-

165 3493 243 3563 dem
267 3494 430 3585 (audeam
453 3495 584 3586 dicere)
603 3495 760 3564 invenies
784 3497 857 3564 sive
881 3494 1013 3563 montis
1034 3517 1095 3564 seu
1113 3492 1211 3562 fluvii

165 3630 302 3690 nomen,
328 3610 436 3677 animi
460 3620 636 3691 causant
660 3610 710 3692 fit,
729 3611 876 3679 adduci:
904 3610 989 3701 quin
1014 3631 1153 3700 semper
1170 3631 1212 3677 ea

165 3724 268 3793 modo
286 3723 365 3793 loca
382 3725 561 3794 vocabulis
585 3727 656 3794 suis
682 3733 863 3816 nuncupat
882 3725 1008 3808 Poeta,
1027 3748 1108 3815 quae
1122 3747 1212 3792 nun-

166 3848 338 3931 cupentur
374 3862 517 3909 necesse
552 3850 618 3921 est,
653 3864 699 3910 ne
735 3841 826 3909 forte
867 3839 985 3930 aliqua
1018 3840 1072 3907 sui
1110 3847 1211 3929 parte

167 3954 304 4024 vacillet
328 3978 369 4024 ac
387 3955 521 4024 titubet
545 3956 774 4048 philosophiae
793 3956 868 4045 ejus
885 3955 994 4023 ratio:
1022 3952 1211 4022 Ammonis

166 4070 328 4140 videlicet
358 4070 504 4149 iontem,
535 4071 589 4139 vel
622 4071 845 4145 Heliconem,
877 4079 1020 4160 propter
1050 4068 1211 4137 arborem

166 4186 351 4277 quandam,
376 4184 462 4254 vel⁰

320 4334 336 4360 ¹¹
352 4325 443 4392 Georp.
462 4341 483 4376 1.
511 4341 568 4376 121.
832 4333 846 4360 ⁰
860 4322 939 4376 Lucr.
952 4321 977 4375 6.
993 4321 1052 4391 767.
