2768 4876
131 324 221 366 rann.
232 322 334 366 xxxin
361 301 494 367 Pootioor
501 303 661 388 propiores
674 303 822 388 Epioooi
836 324 927 389 qoam
943 303 1181 370 corstona

125 473 292 544 homines
321 483 481 566 spectare
511 475 636 545 caelum
670 498 752 545 cum
787 485 930 568 stupore
960 478 1113 569 quodam
1144 485 1181 549 ct

120 589 260 683 gaudio
271 599 298 660 ⁰.

272 733 320 788 Nil
332 734 397 790 adeo
409 752 548 805 magnum,
561 753 610 790 nec
622 744 678 791 tam
690 738 810 793 mirabile
822 741 966 811 quicquam

273 821 414 892 Principio,
427 822 500 893 quod
511 839 568 876 non
580 825 703 878 minuant
715 825 833 879 mirarier
845 844 937 881 omnes

274 907 429 962 Paullatim:
449 917 480 962 ut
492 908 558 962 Coeli
570 911 679 974 clarum,
693 928 844 983 pummque
857 914 981 977 colorem,

277 993 417 1065 Quemque
429 994 458 1047 in
471 1012 498 1048 se
511 994 636 1048 cohibent
647 997 763 1065 palantia
775 997 862 1051 sidera
874 998 982 1067 passim,

273 1079 419 1152 Lunaeque,
432 1089 458 1134 et
470 1081 534 1134 solis
546 1083 673 1151 praeclara
683 1085 742 1137 luce
754 1085 884 1138 nitorem:

271 1167 373 1221 Omnia
384 1185 444 1238 quae
455 1168 480 1221 si
491 1185 566 1222 nune
577 1170 695 1238 primum
706 1171 864 1225 mortalibus
877 1170 975 1235 adsint,

274 1253 315 1307 Ex
326 1253 470 1324 improviso
483 1272 531 1308 ceu
544 1255 597 1308 sint
610 1255 712 1326 objecta
723 1264 838 1326 repente,

275 1338 349 1398 Quid
360 1341 445 1412 magis
457 1341 500 1395 his
513 1342 592 1396 rebus
605 1350 708 1412 poterat
720 1342 839 1396 mirabile
851 1342 912 1406 dici,

273 1426 329 1480 Aut
341 1427 431 1482 minus
443 1437 504 1482 anta
516 1427 589 1499 quod
601 1428 728 1482 auderent
740 1428 797 1481 sore
809 1428 915 1482 credere
927 1434 1040 1498 gentes?

273 1512 328 1578 Nil,
341 1523 372 1567 ut
384 1515 495 1584 opinor;
513 1515 550 1568 ita
561 1514 619 1569 haec
632 1515 732 1584 species
744 1515 866 1569 miranda
877 1515 986 1569 fuisset:

275 1599 367 1659 Quum
378 1601 427 1655 tibi
436 1601 493 1672 jam
504 1619 593 1664 nemo,
606 1602 693 1656 fessus
707 1602 798 1656 satiate
810 1602 927 1666 videndi,

275 1685 414 1757 Suspicere
425 1687 453 1741 in
467 1688 524 1741 caeli
537 1686 662 1758 dignatur
674 1687 763 1742 lucida
774 1689 881 1758 templa.

183 1809 350 1878 Profecto
380 1809 459 1879 haec
485 1811 645 1902 quamvis
672 1809 847 1901 Epicurea
874 1810 997 1880 multis
1028 1812 1182 1882 numeris

135 1924 351 1995 antecellunt
370 1925 531 1997 Stoicum
550 1926 648 2008 illud,
661 1924 729 1995 Nil
744 1925 926 1995 admirari.
978 1926 1095 2009 Quam
1113 1927 1182 1996 for-

137 2041 275 2124 mulam,
295 2050 336 2112 ut
358 2042 513 2112 breviter
538 2043 758 2126 admoneam,
783 2042 956 2113 Horatius
974 2067 1113 2134 quoque
1132 2045 1183 2113 vi-

137 2158 237 2228 detur
266 2159 511 2252 perstringere.
563 2157 734 2242 Queritur
759 2161 864 2241 enim,
890 2169 1080 2252 pervagata
1104 2182 1182 2230 sen-

136 2275 291 2358 tentiola,
309 2297 385 2345 esse

557 2371 612 2430 Qui
623 2372 764 2426 formidine
776 2374 849 2427 nulla

274 2458 375 2512 Imbuti
387 2466 507 2528 spectent
510 2499 850 2514 ....................

275 2584 299 2598 ..
311 2585 317 2598 .
328 2585 334 2598 .
344 2543 427 2598 Hunc
440 2546 532 2608 solem,
545 2554 571 2598 et
583 2545 681 2609 stellas,
695 2554 721 2598 et
733 2544 886 2599 decedentia
898 2545 975 2600 certis

272 2630 405 2701 Tempora
416 2631 567 2695 momentis,

134 2773 213 2819 cum
239 2758 362 2818 tamen
387 2750 482 2820 idem
503 2751 647 2819 attoniti
676 2760 842 2842 stupeant
868 2765 970 2820 terras
996 2760 1033 2821 et
1059 2754 1181 2822 oceani

134 2866 349 2949 muneribus,
392 2890 568 2959 purpurae,
611 2888 844 2960 gemmarum,
888 2869 1033 2958 aurique
1075 2869 1180 2962 gazis.

135 2979 236 3064 Quod
262 2982 290 3051 si
317 2983 456 3074 pinguis
477 2982 538 3051 ille
561 3005 602 3050 ac
624 2983 766 3064 nitidus,
785 3005 936 3072 vereque
964 2982 1079 3052 dietus
1098 2982 1183 3074 Epi-

134 3100 205 3168 curi
232 3099 277 3168 de
302 3121 420 3191 grege,
446 3121 518 3167 non
545 3098 628 3167 tulit
655 3096 796 3186 ἀπαθείᾳ
823 3100 934 3167 minui
959 3108 995 3167 et
1020 3100 1182 3191 extingui

133 3224 265 3284 naturae
293 3213 397 3305 hujus
424 3215 594 3283 uuiversae
620 3236 798 3297 amorem;
826 3214 920 3304 quid,
949 3213 1103 3295 obsecro,
1127 3213 1181 3284 his

133 3327 334 3399 hominibus
358 3329 535 3399 facturum
562 3351 638 3398 esse
661 3329 813 3398 censetis
835 3329 1053 3409 Lucretium,
1072 3329 1181 3399 talem

133 3448 257 3525 virum,
275 3453 349 3513 tam
366 3447 437 3515 acri
455 3446 583 3526 animo,
601 3454 675 3514 tam
694 3445 923 3513 vehementer
950 3446 985 3512 in
1007 3444 1181 3534 quaslibet

133 3571 248 3653 partes
273 3562 476 3630 commoto?
528 3561 645 3629 Immo
663 3569 703 3629 ut
721 3561 756 3630 id
775 3562 869 3652 quod
887 3561 1036 3630 sentiam
1055 3561 1180 3643 dicam,

133 3679 209 3770 quis
239 3679 317 3760 scit,
344 3701 386 3747 an
418 3679 455 3747 id
485 3679 600 3769 ipsum
634 3678 838 3769 cumprimis
866 3677 973 3746 fuerit
1000 3677 1036 3744 in
1067 3698 1180 3760 causa,

132 3817 194 3863 cur
218 3793 312 3885 apud
331 3801 468 3863 veteres
486 3792 682 3885 elegantior
700 3795 847 3885 quisque
866 3793 1002 3862 facilius
1027 3791 1182 3882 plerum-

130 3932 200 4000 que
225 3931 264 3978 se
290 3909 491 4000 adjunxerit
515 3908 657 4000 Epicuri
684 3909 854 3999 partibus,
873 3931 978 3999 quam
1002 3906 1179 3976 Zenonis?

132 4022 199 4094 Illa
225 4032 322 4094 certe
346 4025 446 4108 ratio,
470 4047 551 4114 quae
578 4031 715 4092 tantam
741 4024 859 4114 posuit
887 4044 1028 4114 operam
1056 4021 1092 4088 in
1119 4043 1181 4089 ex-

131 4147 232 4209 terno
254 4139 323 4210 hoc
346 4163 464 4208 rerum
491 4140 612 4208 ordine
637 4139 877 4220 describendo,
895 4138 962 4207 etsi
980 4137 1058 4228 plus
1076 4158 1179 4225 aequo

537 4307 639 4360 cLucr¹
655 4323 678 4360 a.
697 4320 771 4378 1027.
