2768 4876
127 331 220 374 rana.
230 333 298 375 xxr.
358 311 557 396 Compmrltur
573 311 688 374 Orestes
703 329 770 373 otum
787 308 959 373 Hamletdo.
1112 310 1175 371 405

125 503 226 551 auras
243 481 368 553 abeat:
397 505 467 574 quo
485 483 522 550 in
539 481 618 551 loco
636 481 748 551 nolite
765 488 902 573 putare,
916 479 1065 550 Poetam
1079 479 1177 571 quic·

125 618 230 687 quam
261 596 357 667 aliud
385 620 491 689 quam
521 597 628 667 fidem
655 596 880 666 historiarum
910 595 1019 686 sequi.
1072 594 1176 664 Nihil

126 712 218 782 enim
238 712 307 781 dici
324 721 454 794 narrat,
467 712 534 782 nisi
546 735 628 803 quae
644 711 741 782 dicta
758 710 893 804 legerat
909 711 946 779 in
962 709 1176 792 Plutarcho;

127 825 162 895 id
179 827 285 898 modo
302 835 431 910 mutat,
442 827 538 920 quod
549 826 700 897 Caesaris
711 827 876 896 umbram
889 823 1066 917 appellat3
1093 824 1178 894 Plu-

128 940 268 1012 tarchus
284 964 415 1012 nomen
437 943 614 1012 incertum
630 943 830 1034 reliquerat.
883 941 988 1025 Quod
1006 941 1035 1011 si
1052 940 1178 1011 fuisset

128 1065 245 1127 noster
257 1058 294 1126 in
308 1081 351 1128 eo
367 1082 497 1152 genere
512 1058 617 1151 paulo
629 1058 857 1140 ambitiosior,
870 1057 1080 1128 latissimum
1094 1078 1179 1126 sane

128 1171 184 1242 hic
200 1196 366 1265 campum
383 1173 550 1258 habebat,
567 1175 604 1243 in
621 1198 692 1267 quo
709 1173 898 1266 exspatiari
924 1183 1053 1266 posset.
1105 1170 1176 1241 Sed

128 1288 225 1357 novit
247 1289 418 1380 profecto,
436 1291 546 1372 novit,
563 1290 735 1360 instinctu
758 1288 902 1380 pietatis
924 1310 1009 1371 suae,
1030 1288 1177 1357 modum

128 1404 345 1475 severissime
363 1413 485 1476 tenere
502 1406 540 1475 in
556 1427 595 1475 re
612 1404 786 1498 religiosa.
1198 1383 1205 1395 ’

176 1515 233 1588 Ac
259 1528 348 1610 puto
373 1521 549 1612 equidem,
575 1519 670 1612 quod
693 1520 739 1590 ad
764 1519 833 1589 tria
856 1518 935 1590 haec
960 1518 1091 1588 attinet
1117 1540 1179 1588 ex-

128 1633 253 1726 empla,
283 1636 430 1705 minime
463 1636 646 1706 recessisse
677 1634 928 1726 Shaksperum,
959 1634 996 1701 in
1029 1636 1179 1705 mortuis

128 1750 319 1834 ciendis,a
352 1752 487 1843 pudore
513 1751 712 1844 AEschyleo.
767 1751 898 1842 Primo,
928 1749 957 1819 si
987 1751 1071 1840 quid
1106 1748 1179 1820 tale

128 1865 280 1947 admisit,
297 1868 456 1945 excusari
484 1868 615 1960 poterit
640 1876 703 1937 aut
726 1875 888 1937 veterum
914 1866 1077 1948 narratio,
1102 1888 1180 1957 per-

129 1979 326 2050 hibentium
357 1981 474 2073 plane,
500 2004 575 2051 rem
602 1981 654 2051 ita
680 2004 718 2051 se
748 1980 932 2063 habuisse3
968 1981 1032 2049 aut
1060 2001 1179 2049 rerum

128 2105 307 2189 gestarum
324 2106 438 2181 tenor,
456 2097 681 2168 evocantium
706 2096 789 2166 hinc
815 2096 1040 2166 conscientiae
1061 2096 1179 2179 furias,

129 2211 224 2283 illinc
250 2212 398 2296 somnia,
415 2236 601 2306 poenarum
620 2213 818 2282 divinarum
844 2213 1054 2303 praenuntia.
1108 2210 1180 2281 De-

129 2327 222 2411 inde,
238 2337 350 2420 quota
374 2330 520 2398 tandem
545 2351 625 2420 pars
650 2329 718 2398 erit
744 2329 914 2420 cujusque
939 2326 1081 2408 fabulae,
1098 2350 1180 2418 quae

131 2444 279 2513 vertitur
301 2445 339 2512 in
359 2442 562 2535 hujusmodi
579 2443 733 2513 umbris!
786 2442 840 2514 Ea
857 2450 964 2525 certe,
982 2466 1060 2534 quae
1078 2441 1180 2512 Mac-

130 2555 228 2625 bethi
257 2557 468 2640 ostenditur,
493 2559 611 2651 imago
638 2558 717 2628 caesi
744 2557 854 2640 ducis,
879 2557 990 2628 semel
1016 2556 1080 2628 soli
1108 2558 1182 2628 visa

131 2670 290 2753 discedit,
307 2695 353 2740 ne
369 2694 442 2741 uno
455 2672 600 2764 quidem
619 2672 727 2742 verbo
744 2674 882 2743 emisso.
920 2672 1083 2754 Caeterae,
1094 2695 1180 2764 quas

131 2787 235 2857 modo
252 2789 536 2870 memoravimus,
554 2788 605 2858 ita
621 2788 825 2880 loquuntur,
844 2796 885 2859 ut
909 2788 1087 2882 intelligas
1112 2790 1181 2883 sig·

131 2900 271 2972 nificare
289 2909 430 2972 tantum
448 2925 527 2994 quae
544 2903 716 2974 habenta
733 2902 812 2973 Diis
828 2906 1006 2975 mandata.

181 3015 301 3099 Quare
318 3017 412 3108 quod
430 3017 579 3099 aiebam,
598 3017 839 3110 Shaksperum
859 3018 925 3088 hac
943 3018 1000 3088 via
1016 3017 1182 3089 incedere

131 3140 234 3202 caute
250 3154 401 3223 prorsus,
418 3141 456 3201 et
473 3139 643 3225 tanquam
664 3134 777 3203 invito
798 3133 911 3225 pede;
937 3141 992 3203 est
1009 3134 1061 3204 ita
1077 3156 1180 3206 sane:

132 3270 245 3339 neque
271 3248 366 3317 enim
392 3248 438 3317 ab
463 3247 519 3317 his
544 3248 757 3339 discrepabit
787 3249 863 3339 ejus
893 3249 1059 3341 exempli,
1086 3251 1180 3340 quod

132 3384 241 3432 unum
258 3371 429 3453 superest,
444 3363 547 3444 ratio,
560 3361 746 3433 Hamlethi
761 3362 938 3448 videlicet,
952 3364 1180 3436 nobilissimae

133 3478 289 3546 omnium
306 3477 520 3571 Tragoediae:
541 3501 647 3570 quam
665 3502 708 3548 eo
726 3479 895 3549 libentius
914 3503 1081 3561 memoro,
1095 3496 1182 3573 quo-

133 3593 238 3675 niam,
254 3600 296 3661 ut
313 3593 418 3662 multi
436 3594 512 3683 jam
531 3594 705 3676 viderunt,
724 3594 890 3675 οἰκονομία
908 3598 984 3687 ejus
1000 3597 1182 3689 complura

134 3706 239 3777 habet
256 3731 338 3777 curn
357 3706 574 3799 Choliphoris
591 3710 682 3779 bene
699 3712 957 3781 convenientia.
1003 3711 1181 3803 Utrinque

134 3823 167 3890 in
193 3845 298 3892 scena
318 3822 517 3891 ostenditur
534 3825 660 3893 domus
685 3827 792 3919 regia,
810 3826 946 3918 polluta
963 3827 1062 3897 caede
1088 3828 1183 3918 prin·

133 3937 217 4028 cipis
243 3946 282 4007 et
307 3937 450 4008 incestis
480 3939 609 4031 reginae
638 3942 835 4013 amoribus:
870 3943 987 4033 prodit
1014 3945 1180 4035 utrinque

133 4052 226 4122 ultor
251 4053 430 4123 interfecti
456 4052 559 4136 filius,
582 4056 749 4127 incitatus
775 4059 811 4127 in
838 4067 988 4128 matrem
1015 4081 1182 4150 expresso

133 4166 349 4260 Superornm
380 4169 573 4238 admonitu.
627 4170 722 4254 Quid
755 4174 935 4264 quaeritisl
972 4175 1095 4245 eadem
1127 4185 1182 4245 est
