2768 4876
166 327 334 369 rnrrnxxr.
390 304 443 369 illo
451 305 635 389 precamina,
650 324 707 391 quo
721 303 758 369 de
773 302 910 370 boemiis
923 302 1036 387 maor.
1144 301 1209 368 895

167 473 327 543 Lemniae
352 473 433 555 illae,
450 474 657 542 maritorum
679 472 953 541 interfectrices:
979 470 1097 554 oredo,
1111 471 1209 560 quod

166 589 216 657 ita
232 588 541 679 Clytaemnestram
564 610 634 656 non
658 587 764 657 modo
781 586 865 657 diris
886 586 1060 657 feriebant
1085 586 1211 654 omini·

167 704 240 785 bus,
252 727 374 773 verum
389 703 576 773 tradebant
587 701 849 793 quodammodo
865 701 1066 771 certissimis
1081 724 1123 771 ac
1133 701 1206 791 jus·

167 819 308 888 tissimis
328 817 527 887 Numinum
549 817 681 908 poenis:
709 838 832 886 eorum
857 816 1063 906 praesertim,
1082 815 1210 906 quibus

165 933 320 1002 maxime
338 955 429 1001 curm
447 940 529 1001 sunt
549 932 631 1022 jura
650 939 758 1020 atque
779 930 964 1001 commoda
983 928 1209 1011 mortalium

167 1045 324 1136 Erinnys
343 1045 432 1126 dico,
447 1042 679 1122 Mercurium,
691 1041 825 1113 Jovem
839 1041 888 1113 Ο.
907 1043 977 1126 Μ.;
1003 1043 1064 1134 qui
1077 1041 1209 1135 singuli

165 1159 370 1250 gravissimo
386 1158 454 1227 hoo
473 1159 626 1226 carmine
644 1155 875 1248 appellantur.

211 1273 343 1363 Neque
359 1272 514 1343 multum
531 1270 680 1352 abludit,
692 1272 786 1361 quod
800 1272 879 1362 ejus
896 1271 1081 1347 cautilenae
1097 1272 1209 1353 initio,

166 1387 259 1456 facta
274 1387 449 1456 malorum
471 1386 662 1468 mentione,
678 1386 805 1476 quibus
822 1387 961 1458 obsessa
977 1396 1121 1459 tenetur
1138 1389 1211 1458 vita

166 1501 359 1582 hominurn,
377 1500 615 1571 declaraverat
631 1499 818 1592 AEsolrylus
836 1499 1101 1594 Pythagoricus,
1125 1526 1208 1573 cou-

166 1617 320 1686 sentiens
330 1637 413 1686 oum
426 1613 489 1684 illo
500 1614 736 1707 Peripatetico
745 1613 1089 1706 apudGioeronem13
1110 1617 1209 1689 nulla

165 1731 301 1821 inpiam
322 1752 368 1798 ex
392 1737 491 1819 parte
514 1737 650 1801 tautam
676 1730 778 1799 nobis
801 1729 986 1801 imminere
1006 1730 1209 1821 perniciem,

165 1853 333 1935 quantam
363 1867 384 1914 e
416 1843 594 1914 nobismet
627 1843 720 1934 ipsis,
749 1844 890 1934 quoties
924 1845 1045 1915 insano
1077 1845 1209 1916 aflectu

166 1959 394 2028 stimulantur
409 1981 471 2028 seu
489 1959 555 2028 viri
571 1959 645 2028 sive
662 1958 839 2030 mulieres.
889 1958 1032 2050 Nempe
1044 1959 1208 2033 estimari

164 2093 265 2162 posse
292 2072 496 2162 malaque
521 2073 595 2142 sive
622 2081 876 2164 tempestatum
896 2074 932 2142 ri
957 2073 1031 2145 sive
1054 2074 1209 2148 ferarum

164 2186 312 2276 pertulit
337 2187 532 2258 humanum
556 2210 688 2279 genus:
717 2211 798 2278 quae
820 2197 941 2259 autem
964 2211 1013 2260 ex
1038 2189 1121 2278 ipsis
1145 2189 1210 2258 ho·

164 2302 318 2371 minibus
339 2303 378 2372 in
402 2302 563 2372 homi-nes
589 2310 672 2372 sunt
698 2311 834 2384 exorta,
851 2303 888 2373 in
914 2325 956 2373 ea
981 2301 1118 2372 nullum
1143 2326 1210 2376 un·

166 2437 270 2505 quam
288 2439 403 2506 neque
420 2438 609 2484 numerum
626 2438 741 2506 neque
758 2438 959 2486 mensuram
977 2417 1112 2491 cadere.

373 2543 463 2606 πολλὰ
473 2543 566 2613 με’νγᾶ
578 2542 670 2613 τρέφει

370 2629 414 2694 παλ
427 2628 497 2692 δεῖνα
509 2629 633 2698 δερμάτων
644 2622 703 2699 ἄγη·

373 2713 476 2767 πόντιαί
486 2711 508 2765 τ’
521 2712 631 2783 ἀγκάλαι
643 2713 779 2768 κνωδάλων

373 2795 482 2850 ἀνταίων
493 2799 599 2866 βροτοῖς

362 2881 514 2953 πλάθουσι·
528 2882 681 2946 βλάπτωσι
692 2883 733 2938 καὶ
745 2884 892 2954 πεδαίχμιοι

372 2967 506 3034 λαμπάδες
517 2967 648 3036 πεδάοροι*

373 3051 456 3103 πτανά
468 3051 549 3104 τεκαὶ
561 3051 733 3119 πεδοβάμονα,
746 3051 888 3122 κάνεμόεντ’
900 3052 933 3106 ἂν

373 3135 480 3204 αἰγίδων
489 3136 607 3206 φράσαις
619 3139 702 3192 κότον.

374 3217 434 3271 ἀλλ’
446 3219 609 3289 ὑπέρτολμον
620 3220 668 3274 ἇν-

375 3303 436 3374 δρὸς
447 3304 479 3359 ἂν
489 3306 611 3376 φρόνημα
622 3327 661 3362 τις
671 3306 754 3378 λέγοι,

374 3389 415 3442 καὶ
427 3395 552 3460 γυναικῶν
563 3392 661 3461 φρεσίν
672 3394 812 3461 τλημόνων,

374 3474 416 3526 καὶ
427 3476 621 3543 παντοτόλμους
632 3475 737 3545 ἔρωτας,
749 3475 836 3531 ἄταισι
849 3479 990 3545 συννόμους
1001 3480 1103 3548 βροτῶν
1109 3501 1118 3543 ;

166 3581 244 3666 Quo
261 3585 298 3653 in
319 3583 397 3654 looo
410 3587 560 3679 vestigia
572 3588 720 3659 fortasse
736 3591 977 3681 deprehendat
993 3593 1119 3684 aliquis
1135 3616 1205 3664 non

165 3697 311 3776 obscura
328 3700 457 3775 divinae
474 3700 570 3773 illius
586 3702 623 3775 in
642 3701 749 3773 Novo
768 3703 917 3777 Foedere
934 3708 1136 3782 sententiae:

371 3843 447 3896 πᾶσα
457 3842 508 3912 γδρ
515 3841 603 3912 ,φύσιν
614 3843 710 3912 θηρίων
720 3867 749 3900 τε
761 3846 802 3900 καὶ
812 3848 942 3912 πετείνων,

374 3927 486 3998 ἐρπέτων
497 3950 527 3982 τε
538 3930 580 3982 καὶ
592 3929 708 3993 ἐναλίων,

282 4019 285 4029 ’
374 4011 509 4080 δαμάζεται
521 4015 563 4067 καὶ
575 4014 734 4083 δεδάμασται
746 4019 776 4084 τῇ
789 4015 871 4086 φύσει
882 4022 913 4086 τῇ
927 4018 1079 4089 ἀνθρωπίνη

317 4103 319 4106 ’
374 4097 419 4164 τὴν
431 4097 460 4150 δὲ
470 4098 599 4169 γλῶσσαν
610 4099 694 4156 οὐδεὶς
706 4098 809 4155 δύναται
821 4101 961 4172 ἀνθρώπων
972 4105 1092 4174 δαμάσαι·

375 4180 550 4252 ἀκατάσχετον
562 4186 646 4248 κακὸν,
659 4186 741 4254 μεστὴ
754 4187 793 4240 loir
806 4187 994 4260 θανατηφόρου.

562 4301 807 4372 ¹mwum
