2768 4876
171 307 236 370 562
257 309 350 372 Raro
364 329 463 372 eorum
477 331 545 394 quoe
559 310 595 374 dc
608 309 750 396 qultoda
763 320 832 375 suat
845 311 986 376 dimada.
996 335 1092 377 runo.
1104 331 1211 379 xxrrn.

171 493 301 564 ungue.
354 472 409 542 Ex
428 497 497 566 quo
516 475 668 570 intelligi
690 488 821 570 potest,
839 489 972 571 quanta
990 480 1035 552 sit
1055 481 1107 552 vis
1124 501 1213 552 verae

171 586 264 656 illius
282 600 319 656 et
336 590 505 660 divinitus
521 591 655 684 illapsae
674 594 837 677 poeseos,
855 617 937 666 oum
955 596 1066 667 fallax
1082 593 1215 688 quaevis

170 703 244 793 ejus
262 704 378 797 imago
396 715 470 776 tam
488 706 560 777 alte
576 711 718 801 penitus
734 712 771 779 in
790 713 915 783 animis
932 713 1078 784 haereat.

219 818 302 889 Jam
324 821 418 892 haud
444 824 516 893 seio
542 848 587 894 an
609 825 794 917 Sophoclis
818 850 922 898 eausa
946 830 1128 920 proprium
1155 827 1215 898 ali-

170 935 254 1025 quid
285 936 414 1007 habeat
444 963 484 1009 ac
515 941 744 1033 praecipuum,
775 967 844 1035 quo
878 944 1083 1014 invidiosius
1112 966 1215 1038 agere

170 1051 339 1134 videatur,
358 1055 558 1147 quicunque
576 1057 719 1126 tandem
738 1059 767 1127 is
785 1059 862 1139 erit,
881 1060 941 1150 qui
959 1060 1032 1129 viro
1050 1058 1216 1128 laudatis·

170 1168 259 1235 simo
277 1167 439 1239 Primarii
460 1192 589 1238 nomen
609 1171 808 1265 denegabit.
861 1173 1006 1264 Nempe
1023 1173 1059 1241 in
1080 1172 1215 1265 Sopho-

168 1281 223 1352 cle
249 1284 363 1375 primo
384 1283 441 1352 vel
466 1287 503 1354 in
528 1285 697 1378 Euripide
721 1289 912 1381 degustant
937 1288 1157 1381 plerumque,
1174 1297 1214 1356 ut

169 1400 303 1491 opinor,
330 1400 475 1494 ingenui
495 1403 650 1513 juvenes
675 1402 748 1472 mel
778 1403 867 1473 illud
895 1403 1065 1472 sermonis
1088 1402 1214 1472 Attici.

168 1511 275 1604 Apud
303 1515 367 1584 hos
391 1516 792 1607 potissimumseverius
813 1515 945 1607 aliquid
968 1514 1084 1585 solent
1100 1515 1216 1585 addis·

168 1652 248 1699 cere
265 1631 416 1722 pueriles
434 1632 553 1714 animi,
565 1631 772 1725 voluptariis
784 1632 897 1701 ferme
914 1630 1032 1701 lassati
1046 1630 1214 1701 versibus.

170 1744 239 1815 His
254 1746 399 1816 tandem
418 1747 543 1817 studiis
560 1770 598 1816 se
615 1727 806 1816 monentur
823 1748 968 1838 erigere,
982 1747 1011 1815 si
1028 1746 1121 1815 forte
1137 1767 1216 1838 gra-

168 1862 346 1931 vissimam
376 1861 474 1933 illam
502 1865 630 1932 veteris
656 1863 847 1956 Tragoediae
876 1863 1026 1933 formam
1056 1869 1215 1932 contem·

166 1978 254 2070 plari
273 1978 418 2070 possint.
458 1978 594 2048 Mirum
611 1983 741 2070 itaque,
752 1980 789 2047 ni
807 1978 924 2048 fontes
940 1978 1050 2069 ipsius
1061 1976 1215 2047 Poeseos

168 2093 355 2162 retulerint
378 2094 422 2162 ad
446 2117 507 2163 eos
526 2094 723 2185 praesertim
748 2091 919 2177 homines,
940 2114 1089 2185 quorum
1108 2109 1216 2184 opera

167 2192 232 2301 i'psi
251 2209 425 2300 cepissent
442 2209 583 2279 inicum
602 2210 743 2279 ardenar
762 2209 895 2301 aliquid
912 2211 949 2278 in
968 2232 1007 2279 re
1024 2195 1183 2301 poetica

218 2324 313 2394 Illud
341 2334 511 2416 praeterea
538 2325 737 2406 molestum,
764 2325 1043 2417 quodomnium
1068 2322 1215 2393 omnino

167 2441 227 2533 qui
257 2440 330 2509 ullo
356 2449 517 2532 tempore
547 2441 703 2511 carmina
732 2448 944 2534 punxerunt,
970 2463 1076 2509 nemo
1101 2439 1215 2510 ferme

167 2555 345 2626 uberiores
375 2557 441 2626 sibi
471 2558 617 2627 meritus
645 2567 700 2626 est
729 2556 851 2627 laudes
881 2556 938 2626 vel
969 2564 1130 2626 veterum
1156 2554 1213 2625 vel

167 2672 421 2741 recentiorum:
453 2672 541 2740 adeo
570 2682 611 2741 ut
639 2673 676 2741 in
704 2673 924 2764 proverbiam
954 2695 1058 2763 paene
1087 2671 1214 2741 abierit

168 2787 394 2878 Sophoclem,
414 2811 520 2879 quem
541 2797 642 2858 vocat
664 2788 778 2868 Maro,
797 2787 1011 2858 Cothurnus.

218 2901 354 2973 Verum
384 2904 467 2994 quid
497 2903 681 2994 quaeritisl
715 2904 810 2972 inani
843 2926 982 2995 prorsus
1009 2912 1214 2973 commento

116 3065 119 3070 Δ
167 3041 309 3088 necesse
329 3028 384 3088 est
407 3019 582 3088 fateamur
607 3042 671 3087 nos
692 3042 835 3110 operam
853 3020 1001 3101 dedisse,
1018 3021 1058 3094 ni,
1080 3019 1215 3110 pertin-

166 3143 228 3226 gat
250 3134 402 3205 formula
425 3142 545 3204 :rostra
562 3142 637 3202 tam
662 3134 707 3203 ad
731 3133 987 3204 laudatissimus
1012 3135 1211 3227 scriptores,

167 3272 272 3339 quam
306 3251 350 3318 ad
385 3249 560 3318 trivialem
591 3272 767 3340 quemque
797 3259 834 3319 et
863 3250 1085 3320 indisertum.
1144 3249 1213 3320 Est

167 3364 261 3432 enim
282 3364 357 3454 ejus
378 3386 526 3446 summa,
545 3365 628 3455 poni
650 3365 779 3433 debere
802 3373 908 3455 caput
935 3365 1104 3434 universae
1122 3362 1213 3434 Poe-

166 3501 254 3560 seoS,
272 3502 343 3548 non
371 3481 407 3548 in
434 3503 552 3548 rerum
578 3480 776 3548 subtilitate
802 3480 934 3548 nedum
959 3481 997 3548 in
1022 3480 1211 3549 verborum

166 3594 306 3678 aculeis,
324 3597 384 3665 sed
402 3598 439 3664 in
457 3604 592 3664 secreto
610 3596 715 3664 corde
732 3604 839 3686 atque
865 3596 902 3662 in
924 3596 1059 3664 intimis
1076 3594 1213 3665 affecti·

165 3711 231 3782 bus
256 3711 450 3781 hominum.
502 3711 620 3794 Quare
646 3711 689 3779 ad
716 3721 834 3779 nostra
858 3710 1097 3780 confirmanda
1121 3711 1212 3782 nihil

164 3828 276 3896 ferme
303 3827 547 3897 vehementius
572 3826 775 3917 pertinebit,
793 3848 898 3916 quam
926 3826 954 3895 si
980 3825 1072 3894 forte
1098 3827 1213 3919 digito

165 3946 302 4015 intento
320 3946 364 4014 ad
382 3968 492 4014 unum
513 3954 620 4033 atque
645 3943 796 4012 alterum
815 3964 937 4011 eorum
956 3942 1016 4032 qui
1034 3941 1215 4013 habentur

164 4061 455 4150 praestantissimi,
474 4059 642 4129 iaciamus
659 4059 756 4127 iniis
774 4057 947 4149 opinionis
967 4065 1095 4128 nostrae
1120 4059 1214 4150 peri·

165 4173 297 4243 culum.
349 4158 599 4244 Continebitur
623 4182 743 4244 autem
767 4197 809 4242 ea
832 4195 887 4242 res
913 4172 1044 4264 duplici
1070 4174 1212 4265 potissi·

165 4314 264 4372 mum
282 4293 492 4383 quaestione:
518 4292 642 4384 primo,
661 4316 705 4363 an
731 4293 767 4360 iu
787 4289 962 4383 Sophocle
988 4290 1212 4382 reperiantur
