2768 4876
222 311 285 374 480
308 309 486 373 Pindarico
500 331 558 372 csso
573 309 652 373 velut
664 311 895 373 Homericorum
910 309 1057 373 umbram.
1073 333 1167 373 rann.
1178 333 1267 374 xxw.

220 483 289 562 riis,
314 484 506 552 arctissime
529 484 695 576 conjungi
719 507 801 565 cum
825 451 970 575 pristina
993 483 1056 552 illa
1080 481 1269 552 nobilitate

220 597 390 667 militares
411 608 448 667 et
468 607 648 688 equestres
671 599 782 680 ludos,
801 622 897 668 arma
915 599 1135 689 campestria,
1154 596 1270 666 solen-

220 714 278 781 nia
295 713 421 806 regalis
438 713 540 782 aulae.
594 713 721 804 Itaque
740 722 816 782 tum
835 715 928 805 apud
948 713 1161 804 Spenserum
1188 735 1270 782 nos·

219 838 325 908 trum,
348 838 427 898 tum
462 830 554 919 apud
586 852 646 898 eos
675 852 762 919 quos
796 829 857 897 ille
888 831 1069 921 proposuit
1104 829 1170 898 sibi
1204 851 1269 897 ex-

220 943 347 1034 emplo,
384 943 504 1024 Italos,
540 943 666 1013 videtis
703 966 850 1036 regnare
884 945 1147 1013 commentitios
1185 942 1268 1012 illos

219 1059 430 1150 splendores,
443 1061 593 1149 vitasque
611 1059 676 1128 sub
694 1059 752 1128 dio
770 1060 986 1149 trepidisque
1003 1059 1040 1126 in
1058 1059 1162 1127 rebus
1175 1067 1268 1129 actae

219 1196 291 1242 non
316 1173 466 1242 formam
492 1174 603 1264 ipsam
629 1176 690 1242 sed
708 1176 885 1265 quandam
912 1171 1269 1263 similitudinemque

220 1288 311 1356 forte
344 1286 505 1357 mirabile
538 1290 702 1378 cuiquam
726 1289 899 1371 videatur,
927 1289 1129 1368 Pindarum,
1157 1286 1268 1356 talem

220 1404 344 1483 virum,
379 1404 593 1472 commoveri
629 1405 786 1494 potuisse
820 1404 1034 1473 athletarum
1068 1402 1194 1494 palmis
1230 1413 1269 1470 et

219 1517 405 1599 laboribus
430 1516 617 1610 Olympico
643 1520 799 1610 pulvere,
822 1520 911 1589 luxu
942 1528 979 1588 et
1006 1518 1119 1610 epulis
1148 1526 1271 1610 tyran-

218 1656 355 1728 norum.
408 1632 527 1703 Sensit
544 1635 669 1725 utique
687 1656 792 1724 super
811 1634 890 1703 lraec
908 1634 1026 1703 omnia
1043 1631 1191 1702 diffundi
1209 1656 1270 1702 co-

218 1749 330 1818 lorem
352 1750 594 1840 nescioquem
616 1750 785 1840 temporis
803 1751 959 1840 antiqui3
984 1750 1093 1818 sensit
1110 1750 1269 1818 revocari

219 1863 264 1932 ad
289 1871 431 1954 tempus
456 1862 604 1931 heroum
627 1871 798 1944 veterum,
822 1863 889 1931 etsi
917 1884 988 1931 non
1010 1862 1082 1931 vim
1109 1860 1205 1931 illam
1230 1871 1270 1931 et

220 1978 383 2070 spiritum
411 1976 515 2068 plane
542 1979 710 2058 divinum,
735 1985 772 2046 at
796 1986 1003 2046 ornamenta
1025 1979 1184 2069 quasdam
1214 1984 1271 2046 ta-

219 2113 324 2174 men3
351 2099 388 2160 at
406 2093 528 2161 eximii
546 2092 680 2160 decoris
704 2091 825 2184 signa3
855 2099 892 2160 at
913 2092 1096 2182 pristinam
1119 2093 1196 2173 oris,
1215 2091 1272 2158 in-

220 2227 347 2285 cessus,
366 2203 515 2295 loquelae
533 2205 766 2296 majestatem.

272 2319 340 2388 His
363 2320 482 2410 itaque
500 2328 633 2411 captus,
651 2330 693 2412 ut
711 2321 881 2402 dicebam,
902 2321 1085 2402 Pindarus,
1103 2322 1154 2390 ita
1171 2328 1272 2390 vete-

220 2436 316 2504 ribus
342 2435 517 2504 immiscet
543 2437 709 2518 recentia,
736 2446 873 2505 utnon
900 2446 974 2506 tam
1001 2437 1162 2506 videatur
1187 2447 1273 2506 acta

220 2548 363 2618 laudare
395 2556 564 2641 tempora,
593 2573 699 2641 quam
734 2551 904 2621 suscitare
933 2553 1083 2642 sopitam
1113 2551 1271 2641 aliquam

221 2663 465 2746 dulcedinem3
501 2664 585 2733 laeta
613 2664 821 2756 plerumque
847 2689 888 2735 ac
919 2666 1045 2735 festiva
1074 2663 1190 2735 fluunt
1215 2664 1272 2734 illi

220 2787 405 2870 tempora3
435 2779 564 2860 videas,
591 2777 788 2848 Horatiano
814 2779 866 2848 illi
896 2780 1058 2861 similem,
1085 2778 1273 2847 “Tentan-

221 2904 295 2964 tem
313 2895 455 2985 majora,
474 2894 547 2963 fere
564 2895 798 2985 praesentibus
816 2896 985 2986 aequum.”

271 3009 464 3100 Exemplis,
481 3009 564 3099 quid
584 3009 702 3091 velim,
720 3010 898 3079 declarare
916 3010 1041 3079 liceat:
1068 3033 1271 3101 quanquam

221 3124 392 3214 ejusmodi
419 3124 465 3192 sit
488 3124 648 3214 quaestio,
668 3147 748 3214 quae
774 3124 921 3193 minime
947 3125 1103 3193 omnium
1130 3125 1272 3215 patiens

221 3238 268 3306 sit
285 3237 512 3307 formularum
537 3259 578 3304 ac
597 3237 703 3326 justae
731 3237 988 3306 controversiae.
1041 3236 1126 3306 Non
1144 3237 1271 3319 cuivis,

222 3359 262 3420 ut
285 3352 417 3442 opinor,
445 3349 569 3420 Poetae
595 3353 784 3445 contigerit
813 3374 933 3421 amore
962 3353 1124 3443 prosequi
1155 3352 1271 3422 solido

221 3487 262 3532 ac
284 3465 418 3532 sincero
442 3465 536 3532 varia
561 3466 629 3534 ista
655 3467 859 3547 certamina,
876 3466 1097 3555 ludicrosque
1121 3463 1270 3534 labores.

224 3577 375 3646 Pindaro
393 3601 464 3646 non
482 3579 596 3648 defuit
616 3581 683 3649 ista
700 3603 810 3662 mens,
828 3581 1001 3672 siquidem
1019 3579 1185 3649 credibile
1201 3589 1270 3662 est,

222 3691 330 3759 amari
358 3713 379 3759 a
404 3692 564 3781 quolibet
589 3717 648 3764 eas
673 3717 739 3776 res,
766 3717 852 3785 quas
878 3695 979 3764 avide
1006 3695 1111 3774 canit,
1129 3703 1272 3783 arrepta

222 3806 413 3874 occasione.
467 3807 659 3877 Pindarum
686 3817 807 3878 autem
835 3810 973 3901 placere
1002 3809 1067 3877 sibi
1094 3807 1270 3889 novimus,

221 3919 392 3987 narranda
422 3942 493 3988 non
520 3944 658 3990 summa
684 3922 789 3991 modo
816 3924 988 4014 cujusque
1014 3921 1179 4001 victoriae,
1205 3908 1271 3988 sed

220 4032 414 4102 rationibus
440 4037 623 4127 causisque
647 4037 875 4128 explicandis,
897 4047 1020 4126 etqua
1045 4035 1272 4125 potissimum

220 4154 296 4215 arte
329 4147 477 4238 quisque
512 4149 671 4220 valuerit.
727 4150 841 4222 Verbi
880 4175 995 4232 causa,
1037 4150 1267 4219 Pancratium
