2768 4876
219 334 283 397 782
331 333 398 394 Cur
407 331 596 415 Epicureum
609 339 689 393 sonet
703 328 854 392 interdum
871 325 1032 410 Virgilius.
1048 346 1144 386 rann.
1156 346 1269 384 xxxix.

219 523 360 568 cannen
387 500 665 580 celeberrimum,
686 501 762 589 jam
789 506 871 566 ante
889 519 910 566 a
930 496 1032 565 nobis
1058 518 1130 564 non
1157 493 1267 565 semel

219 615 433 683 laudatumr.

361 744 431 796 Felix
445 744 490 814 qui
503 744 590 812 potuit
602 761 691 796 rerum
705 760 864 813 cognoscere
876 759 987 795 causas:
1002 781 1009 793 .
1024 779 1030 792 .
1046 780 1052 793 .

361 831 417 893 Sin,
431 830 479 883 has
492 848 525 884 ne
538 831 638 900 possim
651 839 753 884 naturae
766 829 888 882 accedere
901 837 996 898 partes,

359 916 483 986 Frigidus
495 917 626 970 obstiterit
638 917 707 970 circa
720 914 864 985 praecordia
876 916 993 985 sanguis,

360 1003 432 1057 Rura
442 1001 507 1056 mihi
520 1011 545 1055 et
558 1003 628 1072 rigui
640 1004 760 1072 placeant
771 1002 800 1054 in
812 1001 925 1054 vallibus
939 1019 1038 1055 amnes.

270 1136 445 1226 liquidem
464 1135 582 1204 videre
609 1134 695 1203 mihi
715 1134 836 1203 videor
851 1136 948 1226 tangi
971 1133 1067 1203 hira
1086 1132 1265 1224 Scriptore

218 1253 421 1322 acutissimo
448 1253 602 1321 diversas
620 1274 690 1319 nou
712 1250 826 1319 solum
846 1250 996 1320 Poeseos
1015 1273 1138 1319 verum
1158 1250 1264 1318 etiam

220 1367 458 1460 Philosophiae
484 1375 611 1459 partes,
630 1390 716 1457 quas
742 1366 849 1435 tribui
878 1366 964 1436 velit
990 1376 1067 1435 tum
1095 1366 1161 1456 sibi
1188 1373 1264 1433 tum

221 1483 408 1552 Lucretio:
447 1506 517 1552 non
549 1485 623 1552 sine
651 1481 777 1552 festiva
807 1483 967 1573 quadam,
995 1491 1112 1573 atque,
1144 1490 1186 1551 ut
1216 1483 1265 1549 ita

218 1600 343 1680 dicam,
388 1598 578 1679 Socratica,
624 1597 811 1667 verecundi
856 1600 962 1667 animi
997 1597 1264 1691 significatione.

219 1712 316 1783 Nam
340 1714 430 1783 solet
454 1715 548 1805 apud
574 1713 762 1783 Platonem
790 1713 963 1792 Socrates,
981 1713 1034 1782 uti
1060 1715 1183 1794 nostis
1202 1714 1265 1780 im-

218 1853 338 1921 parem
356 1831 633 1899 coronariorum
654 1831 892 1922 ingeniolum
917 1829 1072 1897 maxime
1090 1852 1128 1898 se
1152 1829 1264 1909 fateri,

219 1970 300 2015 cum
335 1946 476 2037 penitus
505 1948 581 2038 jam
612 1948 656 2014 ab
687 1947 758 2014 imo
789 1968 973 2015 eversurus
1003 1954 1057 2013 est
1087 1945 1265 2014 universas

218 2084 339 2128 eorum
360 2062 523 2130 rationes.

265 2177 395 2246 Itidem
410 2177 675 2246 “fortunatum''
693 2175 848 2267 appellat
866 2175 976 2254 illum,
991 2173 1113 2242 “Deos
1127 2175 1188 2265 qui
1206 2196 1266 2241 no-

218 2294 269 2361 rit
284 2301 439 2385 agrestes
452 2291 480 2361 :''
503 2291 563 2381 qui
581 2300 702 2359 mente
720 2290 854 2360 scilicet
872 2290 1060 2380 animoque
1074 2296 1266 2381 auguratur

219 2430 326 2499 prope
340 2431 380 2477 ac
398 2432 501 2499 paene
515 2431 632 2478 coram
651 2408 772 2477 adesse
790 2407 936 2476 inomni
955 2405 1032 2507 loco
1050 2406 1170 2475 nescio
1182 2405 1264 2496 quid

220 2523 405 2614 plusquam
434 2525 648 2592 humanum:
677 2525 806 2614 quique
824 2523 870 2591 ob
888 2546 966 2591 eam
989 2523 1099 2612 ipsam
1124 2545 1264 2590 causam

219 2651 239 2678 ‘⁴
259 2640 405 2708 {lumina
422 2650 518 2709 amat
537 2639 720 2730 sylvasque
738 2639 935 2731 inglorius,’'
954 2637 1046 2728 quod
1065 2638 1159 2705 inter
1177 2644 1266 2728 ejus-

219 2757 314 2823 modi
329 2756 536 2825 solitudines
551 2757 848 2846 “praesentiorem
867 2755 1102 2844 conspicimus
1116 2753 1265 2824 Deum.’'

270 2871 458 2955 Praeterea,
487 2873 581 2962 quod
612 2870 785 2964 Virgilius
819 2869 1007 2961 aliquando
1042 2869 1182 2938 locutus
1213 2880 1265 2939 est

220 2986 394 3077 Epicureo
422 2988 491 3053 ritu
519 2987 562 3054 de
590 2987 821 3055 morientibus
834 2985 1009 3076 t—quale‚
1028 2985 1125 3053 verbi
1153 3010 1264 3066 causa,

219 3112 272 3170 est
291 3098 412 3182 illudb,

360 3222 413 3274 Olli
427 3220 494 3273 dura
507 3222 580 3292 quies
594 3223 685 3275 oculos
699 3231 725 3276 et
736 3223 836 3275 ferreus
849 3231 926 3292 urget

359 3305 494 3359 Somnus:
515 3308 542 3359 in
556 3316 681 3361 aeternam
695 3307 856 3361 clauduntur
868 3309 970 3362 lumina
983 3318 1103 3362 noctem:
1167 3343 1171 3348 -

218 3437 276 3525 qui
297 3460 416 3505 versus
435 3436 548 3507 solent
574 3441 744 3530 imprimis
767 3440 913 3531 proferri
932 3442 976 3509 ab
994 3441 1047 3521 iis,
1065 3442 1126 3531 qui
1147 3441 1183 3508 iu
1201 3440 1264 3508 hac

218 3575 321 3620 causa
336 3552 456 3620 Poeta
470 3577 593 3644 parum
613 3555 732 3623 favent
745 3555 1038 3624 t-Homericum
1053 3554 1159 3646 plane
1174 3564 1245 3624 estc
1258 3580 1264 3621 :

535 3681 677 3751 κοιμήσατο
688 3685 800 3754 χάλκεον
812 3684 898 3738 ὕπνον.

219 3794 376 3863 Homero
395 3804 515 3864 autem
534 3821 638 3866 uemo
656 3822 821 3890 uuquam,
835 3801 966 3890 opinor,
985 3800 1149 3890 frigidam
1168 3800 1261 3868 illam

217 3911 342 3978 tribuit
378 3915 601 3992 senteutiam,
637 3915 862 3983 morientium
902 3915 1036 3983 animas
1071 3917 1193 3984 statim
1229 3917 1262 3982 in

216 4048 316 4094 auras
334 4033 441 4115 atque
460 4027 547 4095 adeo
567 4029 601 4095 in
620 4029 769 4098 nihilum
791 4031 896 4099 abire.
951 4030 1067 4099 Immo
1087 4054 1170 4099 vero
1189 4031 1262 4121 quis

216 4138 337 4217 nescit,
365 4140 536 4228 ejirsmodi
568 4143 671 4210 dictis
703 4145 847 4212 minime
879 4144 1087 4234 plerumque
1123 4146 1261 4213 subesse

269 4349 282 4375 a
304 4341 395 4408 Georp.
413 4359 435 4393 2.
451 4361 511 4411 490.
629 4350 639 4381 'r
660 4348 726 4398 AEu..
745 4365 783 4400 10.
800 4363 858 4416 745.
968 4357 979 4384 ⁰
1000 4347 1077 4400 lliud.
1096 4364 1136 4400 11.
1152 4363 1209 4411 ²4¹·
