2768 4876
171 340 237 410 746
267 342 417 429 Vispilius
425 342 595 429 inmpiam
603 342 818 429 delectaplrme
826 346 970 411 meas:
997 362 1221 412 runnxxxvu.

171 515 299 606 quibus
324 513 469 584 solenne
494 536 633 605 semper
658 514 738 598 lirit,
763 536 810 584 ex
835 538 873 585 re
900 516 987 588 talia
1010 520 1153 612 garrire,
1173 519 1220 590 la-

172 631 314 700 boribus
331 630 482 722 peractis
495 625 514 711 ¹,

311 770 382 823 Ante
393 770 492 833 focum,
505 770 529 823 si
540 769 625 841 frigus
638 779 693 825 erat
700 792 708 834 ς
728 770 865 835 simassis,
878 773 907 826 in
918 772 1024 828 umbra.

171 884 214 952 Id
232 884 282 965 fit,
301 884 432 975 injecta
451 885 578 975 partim
604 885 785 955 mentione
811 885 980 970 locorum,
998 888 1059 956 ubi
1077 897 1216 981 gestum

170 1009 247 1069 erat
272 998 404 1090 aliquid
430 999 586 1092 insigne3
615 1000 808 1071 maximam
824 1009 945 1071 antem
962 1012 1102 1094 partem
1119 1026 1218 1073 occa·

170 1117 268 1186 sione
291 1124 430 1207 arrepta
455 1125 598 1209 propter
622 1117 807 1187 inventum
833 1117 973 1208 aliquod
992 1119 1141 1204 felicius,
1160 1117 1216 1188 vel

169 1234 270 1323 siqua
293 1233 503 1303 rusticarum
524 1255 641 1302 rerum
667 1234 846 1325 provincia
868 1235 1017 1326 propriis
1037 1237 1138 1306 venit
1163 1259 1216 1306 or-

169 1351 286 1420 nanda
303 1349 474 1419 laudibus.

220 1465 334 1535 Aede
352 1464 438 1535 locis
448 1465 591 1556 quidem
609 1462 704 1534 alias.
741 1461 871 1534 Artem
888 1464 1099 1536 celebrantis
1117 1488 1216 1559 egre-

167 1582 266 1674 gium
285 1580 384 1650 dabit
400 1580 590 1672 specimen,
610 1579 675 1649 sub
692 1579 768 1672 ipso
785 1579 855 1650 fine
874 1578 1060 1673 poematis,
1073 1579 1216 1652 Aristaei

168 1696 297 1767 fabula.
350 1695 422 1767 Sed
445 1693 574 1765 etalio
599 1704 681 1766 sunt
704 1695 891 1787 permulta,
908 1719 986 1787 quae
1010 1696 1133 1789 tetigit
1155 1721 1218 1790 po-

169 1814 239 1883 tius
257 1834 362 1904 quarn
385 1811 540 1881 narravit
556 1810 737 1905 Virgilius
790 1811 1003 1894 Monstrum,
1021 1813 1121 1883 verbi
1139 1837 1238 1906 gra·

169 1929 229 2008 tia,
241 1934 413 2018 quantum
430 1925 569 1995 intersit
587 1926 719 2008 ovium,
733 1926 994 1995 candidissimas
1012 1948 1101 2010 esse,
1115 1935 1218 1997 vetus

169 2043 286 2113 nescio
304 2041 388 2133 quid
407 2041 451 2110 de
469 2041 627 2111 Deorum
644 2041 822 2111 amoribus
838 2040 970 2132 profert
981 2035 1009 2110 ¹‘.

309 2180 423 2233 Munere
435 2178 473 2232 sic
485 2177 563 2232 niveo
573 2179 651 2240 lanoe,
663 2178 686 2231 si
698 2176 804 2231 credere
816 2177 929 2248 dignum
941 2185 990 2241 est,

308 2265 365 2319 Pan
379 2264 453 2319 Deus
466 2263 588 2317 Arcadia
599 2271 704 2333 captam
715 2272 750 2327 te,
763 2262 849 2326 Luna,
862 2263 960 2327 fefellit,

309 2351 341 2406 In
353 2368 463 2405 nemora
473 2352 527 2404 alta
537 2366 653 2414 vocans3
672 2366 721 2403 nec
733 2359 764 2405 tu
775 2358 914 2421 aspernata
924 2359 1075 2405 vocantem.

169 2425 223 2537 ΕῐΙ
239 2490 317 2559 quae
342 2467 530 2549 adduntur,
556 2466 699 2558 depicto
725 2465 928 2558 diligentius
954 2464 1054 2557 pullo
1081 2467 1218 2558 pecoris

167 2584 326 2677 generosi
338 2579 357 2652 ¹.

306 2713 378 2766 Talis
391 2711 521 2782 Amyclaei
533 2710 649 2764 domitus
662 2710 778 2764 Pollucis
790 2709 900 2763 habenis

309 2798 440 2868 Cyllarus,
453 2805 479 2849 et
491 2814 605 2867 quorum
619 2796 692 2849 Graii
703 2796 847 2849 meminere
859 2796 956 2858 Poetae,

307 2885 402 2938 Martis
415 2883 476 2954 equi
487 2883 600 2954 bijuges,
612 2890 638 2936 et
650 2883 741 2951 magni
753 2899 847 2935 currus
859 2881 979 2934 Achillis.

218 3001 346 3091 Neque
365 3022 446 3067 vero
464 2998 501 3066 id
522 3007 662 3067 tantum
688 2996 883 3078 laudamus,
901 2996 995 3086 quod
1019 2998 1210 3088 agrestium

165 3119 270 3210 plane
300 3140 397 3186 more
427 3116 603 3205 modoque
632 3113 830 3182 historiolae
864 3111 941 3181 illas
970 3113 1105 3180 attexit
1131 3112 1211 3184 Vir-

165 3234 291 3327 gilius3
323 3256 445 3303 verum
471 3232 579 3300 etiam
608 3230 821 3304 admiramur
846 3250 904 3297 eas
931 3226 1151 3320 deligentem
1176 3227 1210 3294 in

166 3372 374 3440 unaquaque
387 3346 516 3417 fabella
533 3369 598 3427 res,
612 3369 688 3438 quae
705 3345 925 3436 potissimum
940 3350 1099 3410 venturae
1112 3349 1211 3411 erant

165 3465 202 3532 in
230 3466 387 3533 animum
417 3463 555 3532 rusticis
588 3461 789 3530 hominibus
818 3459 942 3529 eadem
977 3456 1209 3526 narrantibus.

165 3578 380 3647 Exundante
397 3577 521 3669 utique
540 3575 636 3656 Nilo,
654 3598 740 3669 gens
757 3574 826 3655 illa,
845 3573 1008 3662 inquiam,

305 3744 375 3754 —-
387 3715 486 3768 aucum
499 3714 576 3783 pictis
588 3713 694 3767 vehitur
706 3731 754 3766 sua
765 3730 827 3766 rura
838 3709 962 3781 phaselis.

164 3829 350 3898 Videtisne
376 3852 454 3898 eam
482 3827 604 3897 sedulo
634 3828 716 3919 poni
744 3825 944 3918 imaginem,
971 3845 1049 3913 quae
1078 3821 1211 3914 simpli·

164 3943 259 4009 oium
289 3941 493 4011 colonorum
528 3943 663 4011 animos
693 3942 921 4010 vehementer
953 3937 1072 4008 trahat
1101 3946 1209 4027 atque

163 4057 299 4148 erigat?

198 4231 278 4285 incl.
292 4247 316 4303 5.
333 4248 373 4301 70.
445 4233 539 4286 kleid.
553 4250 578 4303 3.
592 4249 653 4302 391.
724 4229 811 4282 llbid.
825 4229 868 4297 89.
959 4224 1063 4277 mlbtd.
1077 4244 1103 4290 4.
1118 4225 1178 4294 289.
