2768 4876
174 308 239 371 588
294 305 480 392 Euripidem
493 304 641 371 conualle
655 305 749 392 plebis
763 328 857 372 ccusc
863 329 1009 392 percusso.
1034 329 1127 375 essu.
1138 330 1224 373 xx1x.

173 502 252 549 rum
274 480 410 550 caedenr
429 480 506 570 jam
528 477 683 561 efferata,
701 475 915 564 sententiola
937 485 1059 546 tamen
1083 499 1148 547 sua
1170 500 1224 547 ca·

172 618 250 666 rere
267 592 462 688 nequeatf?

348 742 389 794 καὶ
400 740 518 808 μανθάνω
530 739 585 806 μὲν,
598 736 640 793 οἷο
653 739 717 809 δρᾷν
728 738 818 808 με’λλω
831 740 901 793 raud·

349 827 429 896 θυμὸς
440 827 468 880 δὲ
481 825 611 895 κρείσσων
622 831 672 879 τῶν
685 825 752 894 ε’μῶν
762 824 955 893 βουλευμάτων,

346 912 430 983 ὅσπερ
442 912 573 984 μεγίστων
584 909 665 967 αἴτιος
677 916 759 965 κακῶν
770 913 884 980 βροτοῖς.

222 1044 401 1116 sexcenta
415 1047 590 1139 ejusmodi
605 1046 698 1137 apud
715 1045 921 1137 Euripidem
939 1045 1119 1128 invenias3
1138 1068 1222 1136 quo·

171 1183 249 1230 rum
288 1184 358 1230 una
396 1163 591 1252 eademque
627 1163 785 1230 omnium
821 1162 961 1230 videtur
995 1183 1072 1230 esse
1106 1160 1219 1253 culpa,

170 1280 300 1347 narrari
316 1279 483 1349 videlicet
502 1302 578 1348 rem
589 1301 775 1369 quamque,
788 1301 858 1346 non
877 1301 994 1348 coram
1012 1278 1090 1370 agi:
1117 1276 1220 1370 plane

170 1392 261 1462 sicut
287 1415 363 1461 mos
387 1403 441 1462 est
465 1392 612 1484 illisqui
634 1394 779 1485 picturae
803 1393 1013 1463 rudimentis
1030 1394 1118 1462 dant
1139 1415 1220 1485 ope-

169 1530 265 1589 ram3
300 1531 381 1577 nam
416 1510 535 1578 audivi
567 1510 701 1599 saepius,
729 1531 808 1596 cum
840 1508 999 1577 dicerent
1027 1511 1104 1598 ejus
1135 1508 1218 1577 artis

168 1622 283 1714 periti,
302 1646 372 1691 uon
390 1622 459 1693 alia
476 1624 586 1693 ferme
604 1647 642 1693 re
658 1625 771 1716 magis
788 1646 933 1715 peecare
951 1624 1094 1705 tirones
1112 1645 1218 1714 quam

169 1740 262 1829 qnod
282 1740 440 1808 omnium
461 1762 579 1809 rerum
597 1740 731 1832 effigies
756 1740 798 1809 iis
823 1740 1011 1809 informare
1037 1738 1140 1808 lineis
1164 1762 1219 1809 so·

168 1853 276 1935 leant,
303 1877 388 1945 quas
414 1856 577 1924 noverint
603 1878 724 1925 revera
749 1856 920 1947 cujusque
948 1878 1024 1925 esse
1049 1856 1218 1948 proprias,

168 1992 238 2038 non
266 1970 319 2050 iis,
345 1992 431 2059 quas
457 1993 573 2039 coram
603 1970 714 2040 oculis
737 1972 808 2053 suis
833 1971 985 2041 videant.
1037 1970 1155 2054 Error,
1177 1980 1218 2041 ut

167 2092 265 2176 puto,
284 2106 405 2152 eorum
424 2092 477 2153 est
497 2083 691 2168 hominum,
707 2086 766 2177 qui
784 2085 956 2179 ingeniosi
973 2085 1112 2156 malunt
1130 2109 1217 2170 esse,

167 2221 273 2289 quam
292 2198 477 2290 simplices.

217 2313 369 2384 Accedit
387 2314 482 2406 quod
501 2314 686 2407 Euripides
714 2327 844 2399 noster,
866 2319 939 2387 sive
965 2319 1073 2388 animi
1100 2343 1216 2403 causa,

167 2429 240 2499 sive
262 2429 312 2518 (id
334 2432 426 2520 quod
454 2433 565 2524 magis
591 2433 813 2520 crediderim)
832 2443 976 2525 propter
997 2456 1078 2503 suos
1100 2432 1217 2506 Athe-

166 2546 315 2625 nienses,
329 2545 429 2614 nulla
441 2547 551 2616 ferme
562 2546 746 2640 Tragoedia
763 2572 832 2617 non
852 2550 980 2642 saepius
994 2552 1110 2643 tangit
1124 2574 1217 2620 rem·

166 2659 343 2751 publicam
363 2685 441 2731 eam
460 2686 537 2752 quae
555 2672 641 2732 tunc
662 2672 758 2747 erat3
784 2664 811 2732 si
834 2687 903 2732 non
919 2665 1025 2754 'justo
1042 2686 1216 2746 sermone,

166 2785 204 2845 at
217 2775 381 2847 brevibus
395 2787 492 2847 certe
505 2778 574 2847 illis
588 2788 625 2847 et
640 2781 753 2849 acutis
771 2781 966 2849 sententiis.
1017 2778 1099 2848 Jam
1118 2779 1215 2848 enim

166 2914 329 2985 arrogans
355 2893 415 2962 ille
442 2893 553 2975 Δῆμος
581 2896 750 2964 morosior
775 2905 944 2978 evaserat,
966 2918 1071 2987 quam
1098 2895 1216 2965 fuerat

166 3006 350 3098 Sophoclis
368 3016 404 3077 et
422 3008 577 3101 AEsehyli
603 3011 831 3102 temporibus,
854 3034 969 3101 neque
995 3009 1098 3080 facile
1125 3011 1217 3079 fere·

164 3122 226 3191 bat
244 3124 361 3192 omitti
379 3123 489 3193 ullam
507 3125 560 3192 sui
578 3123 743 3192 laudandi
762 3125 991 3194 occasionem.
1032 3122 1097 3192 Isti
1114 3123 1214 3214 quasi

165 3235 300 3305 libidini
328 3237 597 3328 obtemperavit,
624 3245 665 3306 ut
691 3239 818 3328 potuit,
847 3238 1051 3330 Euripides:
1083 3260 1213 3331 magno

165 3376 248 3422 saue
271 3353 464 3446 Tragoediae
492 3355 725 3436 detrimento;
754 3355 926 3445 siquidem
952 3334 1119 3424 credibile
1146 3361 1212 3436 est,

164 3468 200 3537 id
227 3470 380 3538 maxime
397 3471 433 3537 in
451 3493 555 3538 eausa
573 3470 690 3550 fuisse,
710 3494 772 3539 cur
797 3471 832 3538 in
850 3469 1101 3540 Andromache
1126 3493 1213 3564 neg-

164 3584 292 3654 lexerit
326 3608 423 3675 paene
458 3585 585 3654 fabulae
620 3597 866 3678 argumentum
898 3587 993 3654 omni
1025 3584 1213 3655 affectione

163 3698 319 3792 plenum,
339 3700 501 3790 Spartam
529 3702 702 3792 praecipue
729 3703 903 3771 curaverit
921 3699 1138 3771 contumelia
1163 3700 1212 3770 la-

164 3814 385 3896 cessendam3
403 3839 465 3885 cur
478 3818 513 3884 in
526 3816 752 3907 supplicibus
765 3817 901 3908 prolixe
915 3826 952 3886 et
965 3817 1124 3908 impense
1138 3815 1212 3885 lan·

164 3930 225 3998 det
246 3929 450 4021 popularem
477 3931 677 4021 reipublicae
703 3941 845 4013 statum,
868 3954 940 4000 rem
965 3931 1076 4021 ipsam
1099 3929 1210 4001 levius

164 4046 333 4137 tetigerit,
352 4046 583 4115 miserrimam
601 4047 742 4136 quidem
770 4045 866 4115 illam
888 4057 925 4114 et
945 4043 1209 4141 τραγικωτᾶτην.

592 4301 603 4338 f
620 4303 691 4355 Med.
708 4315 784 4371 1074.
