2768 4876
164 333 230 402 614
374 335 567 400 Naturane
583 331 702 398 Gracia
716 331 841 398 nanim
853 331 988 418 caup:
1033 351 1130 396 enan.
1142 351 1219 395 xxx.

167 507 317 579 decedas
352 506 396 576 de
431 504 633 575 sententia:
681 503 819 573 desinas
857 502 1000 572 tandem
1036 490 1220 572 venditare

167 624 268 692 nobis
298 621 510 692 medicinam
538 619 636 690 illam
667 627 787 688 tamen
812 617 1017 688 Poeticam:
1047 615 1223 687 habeatur

168 738 315 831 posthac
342 760 384 806 ea
412 746 581 827 tanquam
609 757 682 805 una
711 735 756 805 de
782 730 904 803 multis
931 756 997 815 ars,
1024 732 1221 826 voluptaria

169 853 312 947 quidem
339 851 400 921 illa
426 851 580 942 satisque
598 847 750 944 elegans,
768 849 830 919 sed
857 848 1003 918 minime
1023 870 1141 940 neque
1161 871 1221 919 ne-

170 971 318 1040 cessaria
335 989 451 1058 neque
468 965 622 1035 sancta.''

223 1081 303 1165 His,
325 1091 366 1151 nt
392 1089 527 1174 potero,
552 1101 732 1150 occurram
758 1077 884 1149 hodie:
912 1099 1028 1169 neque
1054 1100 1139 1148 vero
1163 1101 1221 1148 me

171 1196 216 1268 ad
243 1217 365 1266 eorum
392 1203 507 1264 castra
533 1195 709 1287 recipiam,
736 1215 937 1285 quanquam
965 1193 1113 1263 minime
1141 1216 1223 1264 con-

173 1312 354 1381 temnendi
382 1311 452 1381 sint
477 1319 649 1393 auctores,
667 1311 728 1401 qni
745 1311 842 1404 genti
862 1307 1063 1380 Hellenicae
1086 1310 1124 1378 in
1146 1308 1222 1378 uni-

173 1448 312 1497 versum
331 1434 463 1521 negant
481 1426 589 1496 fuisse
606 1426 679 1495 ullo
700 1427 738 1494 in
758 1425 891 1495 honore
908 1425 996 1494 ruris
1006 1448 1055 1494 ac
1074 1423 1222 1495 Naturae

173 1551 391 1635 apparatum.
449 1541 543 1611 Mihi
571 1543 715 1634 quidem
745 1542 781 1611 in
813 1541 917 1611 simili
948 1563 1066 1610 errore
1094 1541 1221 1612 versari

174 1656 339 1729 videntur
361 1660 425 1727 viri
452 1658 608 1741 subtiles,
626 1682 667 1728 ac
691 1659 719 1728 si
741 1658 903 1740 doceant,
921 1679 942 1726 a
959 1658 1102 1725 nemine
1128 1679 1223 1748 pror·

174 1795 233 1843 sus
249 1771 373 1842 sentiri
396 1795 498 1864 posse
523 1773 675 1842 musicos
701 1775 836 1854 modos,
853 1772 920 1842 nisi
938 1771 999 1863 qui
1015 1794 1055 1841 se
1072 1772 1225 1865 discipu-

174 1889 248 1959 lum
267 1885 443 1959 addixerit
460 1888 565 1958 alicui
583 1910 705 1957 eorum
720 1888 780 1978 qui
797 1887 925 1958 fidibus
939 1896 1081 1976 canunt,
1118 1887 1223 1971 Quod

176 2013 309 2089 contra,
328 2004 385 2074 vel
403 2005 540 2096 abipsa
565 2025 729 2074 sonomm
748 2003 933 2072 innumera
950 2005 1132 2086 varietate,
1150 2004 1225 2097 qui-

176 2122 242 2191 bus
269 2120 363 2190 ultro
394 2120 574 2212 complent
601 2140 702 2189 aures
729 2118 834 2201 silvae,
862 2121 982 2202 maria,
1008 2117 1117 2202 linui,
1144 2141 1226 2189 con-

175 2244 300 2306 centus
334 2237 463 2318 avium,
498 2245 663 2306 resonant
692 2235 952 2326 quodammodo
986 2236 1082 2305 intus
1117 2235 1225 2305 animi

175 2351 360 2422 hominnm
395 2376 464 2424 non
503 2352 607 2445 plane
640 2352 799 2435 ἀμούσων,
835 2352 969 2445 fingere
1009 2351 1124 2421 solent
1159 2351 1225 2422 sibi

177 2468 324 2559 quisque
351 2491 453 2537 suum
479 2468 601 2549 melos,
619 2466 718 2538 nullo
741 2477 928 2559 praeeunte.
981 2467 1052 2538 Sed
1073 2467 1165 2537 latet
1183 2490 1226 2537 ea

177 2604 232 2651 res
252 2581 376 2675 vulgus
396 2581 591 2665 hominurn,
609 2590 810 2652 accuratam
837 2606 1063 2652 numerorum
1081 2604 1234 2673 vocum--

178 2719 246 2786 que
264 2718 424 2766 normam
443 2698 707 2788 requirentium.
745 2696 881 2766 Mirum
899 2699 936 2766 ni
950 2697 1097 2766 eandem
1117 2717 1226 2788 prope

177 2810 403 2880 adhibuerint
429 2812 628 2892 formulam,
646 2812 705 2902 qui
733 2820 903 2904 putarunt
922 2811 1098 2881 Naturam
1124 2834 1146 2880 a
1169 2834 1227 2880 ve·

179 2936 255 2996 tere
279 2926 415 2996 Graecia
441 2927 583 3020 negligi.
636 2927 779 3019 Nempe
805 2928 928 2997 adulta
950 2928 1025 3019 jam
1052 2934 1129 2996 arte
1155 2927 1227 3019 pic-

179 3052 307 3122 torum,
321 3043 357 3109 in
375 3064 588 3134 unoquoque
606 3045 760 3113 carmine
778 3044 984 3134 quaerebant
999 3043 1225 3112 artificiosum

179 3159 354 3247 quoddam
379 3158 527 3248 picturae
552 3181 675 3251 genus,
694 3161 918 3251 partiumque
940 3168 1023 3251 apte
1049 3158 1228 3229 cohaeren-

180 3274 269 3342 tium
297 3273 456 3341 ordinem
482 3275 667 3364 quendam,
694 3283 799 3366 prout
825 3298 972 3367 quaeque
1000 3275 1125 3344 autin
1151 3296 1227 3342 urn-

181 3387 281 3457 bram
301 3389 466 3458 recedere
487 3390 624 3471 debeat,
643 3400 705 3459 aut
728 3392 765 3459 in
786 3390 880 3460 claro
900 3391 1035 3460 iumine
1052 3388 1226 3459 collocari.

183 3501 263 3585 Qua
283 3503 521 3572 concinnitate
539 3527 619 3573 cum
643 3506 784 3596 penitus
801 3505 912 3574 ferme
930 3513 1065 3574 careret
1082 3504 1230 3596 pristina

183 3615 386 3686 Graecorum
403 3618 545 3701 familia,
564 3620 707 3689 fuemnt
726 3623 786 3711 qui
804 3621 909 3690 nimis
926 3622 998 3689 cito
1016 3620 1227 3711 judicarent,

182 3733 324 3823 penitus
340 3735 492 3804 carnisse
509 3758 587 3804 eam
607 3737 703 3805 omni
721 3735 788 3806 hoc
805 3759 935 3829 genere
953 3736 1116 3805 Poeseos.

234 3846 372 3917 Verum
400 3850 444 3918 de
470 3873 512 3918 ea
538 3851 733 3940 quaestione
759 3852 920 3921 nouerit
946 3874 1009 3921 cur
1034 3849 1149 3919 multa
1173 3847 1230 3918 hic

185 3964 361 4044 disseram,
379 3972 458 4055 post
481 3973 537 4033 tot
560 3966 725 4058 exempla
747 3975 821 4035 tam
839 3968 934 4036 varia
956 3974 1031 4036 tam
1056 3964 1230 4057 praeclara,

185 4100 266 4168 quae
292 4079 421 4168 partim
444 4101 489 4148 ex
515 4080 674 4150 Homero
698 4082 838 4173 protuli,
866 4083 992 4174 partim
1020 4103 1042 4149 e
1068 4079 1230 4161 Pindaro,

186 4192 315 4283 partim
340 4215 361 4261 e
384 4194 495 4264 tribus
512 4194 701 4288 Tragoedia.
754 4196 859 4279 Quod
878 4198 905 4266 si
924 4196 975 4265 nil
991 4195 1064 4266 tale
1081 4201 1231 4275 extaret,

186 4315 224 4377 at
249 4307 399 4388 cuinam,
422 4309 579 4391 obsecro,
601 4311 694 4380 foret
719 4312 898 4394 credibile,
917 4335 997 4403 quae
1022 4332 1110 4404 gens
1135 4310 1231 4380 omni
