<?xml version="1.0" encoding="UTF-8"?>
<!DOCTYPE html PUBLIC "-//W3C//DTD XHTML 1.0 Transitional//EN"
    "http://www.w3.org/TR/xhtml1/DTD/xhtml1-transitional.dtd">
<html xmlns="http://www.w3.org/1999/xhtml" xml:lang="en" lang="en">
 <head>
  <title>
</title>
<meta http-equiv="Content-Type" content="text/html;charset=utf-8" />
  <meta name='ocr-system' content='tesseract 3.04.00' />
  <meta name='ocr-capabilities' content='ocr_page ocr_carea ocr_par ocr_line ocrx_word'/>
</head>
<body>
  <div class='ocr_page' id='page_1' title='image "./depoeticaevimed00keblgoog_0295.png"; bbox 0 0 2768 4876; ppageno 0'>
   <div class='ocr_carea' id='block_1_1' title="bbox 166 309 1215 397">
    <p class='ocr_par' dir='ltr' id='par_1_1' title="bbox 166 309 1215 397">
     <span class='ocr_line' id='line_1_1' title="bbox 166 309 1215 397; baseline -0.003 -21"><span class='ocrx_word' id='word_1_1' title='bbox 166 310 231 379; x_wconf 78' lang='lat'><strong>670</strong></span> <span class='ocrx_word' id='word_1_2' title='bbox 298 311 451 397; x_wconf 70' lang='lat' dir='ltr'><strong>Virqidns</strong></span> <span class='ocrx_word' id='word_1_3' title='bbox 466 311 607 396; x_wconf 80' lang='lat' dir='ltr'><strong>quomodo</strong></span> <span class='ocrx_word' id='word_1_4' title='bbox 614 309 762 396; x_wconf 78' lang='lat' dir='ltr'><strong>fabuloso</strong></span> <span class='ocrx_word' id='word_1_5' title='bbox 775 311 972 396; x_wconf 71' lang='lat' dir='ltr'><strong>mitiqaoerit.</strong></span> <span class='ocrx_word' id='word_1_6' title='bbox 995 333 1091 374; x_wconf 77' lang='lat' dir='ltr'><strong>eunt.</strong></span> <span class='ocrx_word' id='word_1_7' title='bbox 1104 333 1215 374; x_wconf 82' lang='lat' dir='ltr'><strong>xxxin.</strong></span> 
     </span>
    </p>
   </div>
   <div class='ocr_carea' id='block_1_2' title="bbox 163 481 1220 4276">
    <p class='ocr_par' dir='ltr' id='par_1_2' title="bbox 307 481 1038 1245">
     <span class='ocr_line' id='line_1_2' title="bbox 308 481 1003 553; baseline -0.003 -17"><span class='ocrx_word' id='word_1_8' title='bbox 308 481 502 552; x_wconf 86' lang='lat' dir='ltr'><strong>Speluncisque</strong></span> <span class='ocrx_word' id='word_1_9' title='bbox 513 483 588 535; x_wconf 91' lang='lat' dir='ltr'><strong>locus</strong></span> <span class='ocrx_word' id='word_1_10' title='bbox 601 481 715 544; x_wconf 88' lang='lat' dir='ltr'><strong>clausos,</strong></span> <span class='ocrx_word' id='word_1_11' title='bbox 728 481 856 553; x_wconf 83' lang='lat' dir='ltr'><strong>lucosque</strong></span> <span class='ocrx_word' id='word_1_12' title='bbox 868 489 1003 544; x_wconf 87' lang='lat' dir='ltr'><strong>sonantes,</strong></span> 
     </span>
     <span class='ocr_line' id='line_1_3' title="bbox 308 567 934 638; baseline -0.002 -17"><span class='ocrx_word' id='word_1_13' title='bbox 308 568 376 631; x_wconf 87' lang='lat' dir='ltr'>Ibat,</span> <span class='ocrx_word' id='word_1_14' title='bbox 389 577 415 621; x_wconf 90' lang='lat' dir='ltr'><strong>et</strong></span> <span class='ocrx_word' id='word_1_15' title='bbox 426 568 528 637; x_wconf 84' lang='lat' dir='ltr'>ingenti</span> <span class='ocrx_word' id='word_1_16' title='bbox 541 575 617 620; x_wconf 92' lang='lat' dir='ltr'><strong>motu</strong></span> <span class='ocrx_word' id='word_1_17' title='bbox 629 567 792 636; x_wconf 82' lang='lat' dir='ltr'><strong>stupefactus</strong></span> <span class='ocrx_word' id='word_1_18' title='bbox 805 584 934 638; x_wconf 82' lang='lat' dir='ltr'><strong>squemm</strong></span> 
     </span>
     <span class='ocr_line' id='line_1_4' title="bbox 308 653 910 724; baseline 0 -17"><span class='ocrx_word' id='word_1_19' title='bbox 308 653 407 707; x_wconf 89' lang='lat' dir='ltr'><strong>Omnia</strong></span> <span class='ocrx_word' id='word_1_20' title='bbox 419 654 469 708; x_wconf 93' lang='lat' dir='ltr'><strong>sub</strong></span> <span class='ocrx_word' id='word_1_21' title='bbox 482 672 580 724; x_wconf 83' lang='lat' dir='ltr'><strong>magna</strong></span> <span class='ocrx_word' id='word_1_22' title='bbox 590 653 707 709; x_wconf 87' lang='lat' dir='ltr'><strong>labentia</strong></span> <span class='ocrx_word' id='word_1_23' title='bbox 718 653 829 706; x_wconf 88' lang='lat' dir='ltr'><strong>flumina</strong></span> <span class='ocrx_word' id='word_1_24' title='bbox 840 661 910 707; x_wconf 85' lang='lat' dir='ltr'><strong>terra</strong></span> 
     </span>
     <span class='ocr_line' id='line_1_5' title="bbox 307 739 1004 810; baseline -0.001 -17"><span class='ocrx_word' id='word_1_25' title='bbox 307 740 449 810; x_wconf 83' lang='lat' dir='ltr'><strong>Spectabat</strong></span> <span class='ocrx_word' id='word_1_26' title='bbox 462 739 565 794; x_wconf 90' lang='lat' dir='ltr'><strong>diversa</strong></span> <span class='ocrx_word' id='word_1_27' title='bbox 576 739 651 801; x_wconf 88' lang='lat' dir='ltr'><strong>locis,</strong></span> <span class='ocrx_word' id='word_1_28' title='bbox 665 739 826 810; x_wconf 81' lang='lat' dir='ltr'>Phasimque</span> <span class='ocrx_word' id='word_1_29' title='bbox 839 739 1004 810; x_wconf 88' lang='lat' dir='ltr'><strong>Lycumque,</strong></span> 
     </span>
     <span class='ocr_line' id='line_1_6' title="bbox 307 826 1038 897; baseline -0.003 -16"><span class='ocrx_word' id='word_1_30' title='bbox 307 827 342 881; x_wconf 81' lang='lat' dir='ltr'><strong>Et</strong></span> <span class='ocrx_word' id='word_1_31' title='bbox 355 837 434 897; x_wconf 83' lang='lat' dir='ltr'><strong>caput</strong></span> <span class='ocrx_word' id='word_1_32' title='bbox 445 826 517 880; x_wconf 90' lang='lat' dir='ltr'><strong>unde</strong></span> <span class='ocrx_word' id='word_1_33' title='bbox 529 828 599 881; x_wconf 83' lang='lat' dir='ltr'><strong>altus</strong></span> <span class='ocrx_word' id='word_1_34' title='bbox 611 827 728 896; x_wconf 88' lang='lat' dir='ltr'><strong>primum</strong></span> <span class='ocrx_word' id='word_1_35' title='bbox 741 845 769 880; x_wconf 89' lang='lat' dir='ltr'><strong>se</strong></span> <span class='ocrx_word' id='word_1_36' title='bbox 781 827 896 895; x_wconf 85' lang='lat' dir='ltr'><strong>erumpit</strong></span> <span class='ocrx_word' id='word_1_37' title='bbox 908 827 1038 896; x_wconf 85' lang='lat' dir='ltr'><strong>Enipeus,</strong></span> 
     </span>
     <span class='ocr_line' id='line_1_7' title="bbox 307 914 994 984; baseline -0.001 -16"><span class='ocrx_word' id='word_1_38' title='bbox 307 914 387 968; x_wconf 88' lang='lat' dir='ltr'>Unde</span> <span class='ocrx_word' id='word_1_39' title='bbox 399 925 473 984; x_wconf 90' lang='lat' dir='ltr'><strong>pater</strong></span> <span class='ocrx_word' id='word_1_40' title='bbox 484 914 634 978; x_wconf 85' lang='lat' dir='ltr'><strong>Tiberinus,</strong></span> <span class='ocrx_word' id='word_1_41' title='bbox 648 924 674 969; x_wconf 93' lang='lat' dir='ltr'><strong>et</strong></span> <span class='ocrx_word' id='word_1_42' title='bbox 686 915 759 969; x_wconf 92' lang='lat' dir='ltr'><strong>unde</strong></span> <span class='ocrx_word' id='word_1_43' title='bbox 771 915 874 968; x_wconf 89' lang='lat' dir='ltr'><strong>Aniena</strong></span> <span class='ocrx_word' id='word_1_44' title='bbox 885 914 994 978; x_wconf 87' lang='lat' dir='ltr'><strong>fluenta,</strong></span> 
     </span>
     <span class='ocr_line' id='line_1_8' title="bbox 307 999 1034 1072; baseline 0.001 -19"><span class='ocrx_word' id='word_1_45' title='bbox 307 999 492 1072; x_wconf 88' lang='lat' dir='ltr'><strong>Saxosumque</strong></span> <span class='ocrx_word' id='word_1_46' title='bbox 505 1018 604 1054; x_wconf 90' lang='lat' dir='ltr'><strong>sonans</strong></span> <span class='ocrx_word' id='word_1_47' title='bbox 619 999 750 1071; x_wconf 87' lang='lat' dir='ltr'><strong>Hypanis,</strong></span> <span class='ocrx_word' id='word_1_48' title='bbox 764 1000 914 1072; x_wconf 82' lang='lat' dir='ltr'>Mysusque</span> <span class='ocrx_word' id='word_1_49' title='bbox 927 999 1034 1062; x_wconf 88' lang='lat' dir='ltr'><strong>Caicus,</strong></span> 
     </span>
     <span class='ocr_line' id='line_1_9' title="bbox 307 1086 898 1163; baseline 0 -24"><span class='ocrx_word' id='word_1_50' title='bbox 307 1086 341 1140; x_wconf 82' lang='lat' dir='ltr'><strong>Et</strong></span> <span class='ocrx_word' id='word_1_51' title='bbox 353 1088 459 1156; x_wconf 85' lang='lat' dir='ltr'><strong>gemina</strong></span> <span class='ocrx_word' id='word_1_52' title='bbox 471 1096 579 1141; x_wconf 86' lang='lat' dir='ltr'><strong>auratus</strong></span> <span class='ocrx_word' id='word_1_53' title='bbox 591 1088 696 1140; x_wconf 87' lang='lat' dir='ltr'><strong>taurino</strong></span> <span class='ocrx_word' id='word_1_54' title='bbox 709 1105 809 1140; x_wconf 87' lang='lat' dir='ltr'><strong>cornua</strong></span> <span class='ocrx_word' id='word_1_55' title='bbox 822 1088 898 1163; x_wconf 88' lang='lat' dir='ltr'><strong>vultu</strong></span> 
     </span>
     <span class='ocr_line' id='line_1_10' title="bbox 307 1173 925 1245; baseline 0 -19"><span class='ocrx_word' id='word_1_56' title='bbox 307 1173 449 1236; x_wconf 80' lang='lat' dir='ltr'>Eridanus,</span> <span class='ocrx_word' id='word_1_57' title='bbox 460 1191 514 1245; x_wconf 92' lang='lat' dir='ltr'><strong>quo</strong></span> <span class='ocrx_word' id='word_1_58' title='bbox 527 1192 582 1227; x_wconf 92' lang='lat' dir='ltr'><strong>non</strong></span> <span class='ocrx_word' id='word_1_59' title='bbox 594 1174 661 1227; x_wconf 85' lang='lat' dir='ltr'><strong>alius</strong></span> <span class='ocrx_word' id='word_1_60' title='bbox 674 1191 721 1242; x_wconf 89' lang='lat' dir='ltr'><strong>per</strong></span> <span class='ocrx_word' id='word_1_61' title='bbox 732 1174 843 1243; x_wconf 80' lang='lat' dir='ltr'><strong>pinguia</strong></span> <span class='ocrx_word' id='word_1_62' title='bbox 854 1174 925 1227; x_wconf 89' lang='lat' dir='ltr'><strong>culta</strong></span> 
     </span>
    </p>

    <p class='ocr_par' dir='ltr' id='par_1_3' title="bbox 308 1260 957 1328">
     <span class='ocr_line' id='line_1_11' title="bbox 308 1260 957 1328; baseline 0 -16"><span class='ocrx_word' id='word_1_63' title='bbox 308 1260 338 1312; x_wconf 92' lang='lat' dir='ltr'><strong>ln</strong></span> <span class='ocrx_word' id='word_1_64' title='bbox 352 1278 423 1313; x_wconf 89' lang='lat' dir='ltr'><strong>mare</strong></span> <span class='ocrx_word' id='word_1_65' title='bbox 436 1278 601 1328; x_wconf 90' lang='lat' dir='ltr'><strong>purpureum</strong></span> <span class='ocrx_word' id='word_1_66' title='bbox 613 1261 752 1315; x_wconf 87' lang='lat' dir='ltr'><strong>violentior</strong></span> <span class='ocrx_word' id='word_1_67' title='bbox 763 1260 850 1313; x_wconf 89' lang='lat' dir='ltr'><strong>influit</strong></span> <span class='ocrx_word' id='word_1_68' title='bbox 862 1261 957 1312; x_wconf 90' lang='lat' dir='ltr'><strong>amnis.</strong></span> 
     </span>
    </p>

    <p class='ocr_par' dir='ltr' id='par_1_4' title="bbox 164 1406 1220 3350">
     <span class='ocr_line' id='line_1_12' title="bbox 216 1406 1220 1499; baseline 0.002 -24"><span class='ocrx_word' id='word_1_69' title='bbox 216 1406 305 1476; x_wconf 88' lang='lat' dir='ltr'><strong>Haec</strong></span> <span class='ocrx_word' id='word_1_70' title='bbox 329 1408 446 1477; x_wconf 87' lang='lat' dir='ltr'><strong>omnia</strong></span> <span class='ocrx_word' id='word_1_71' title='bbox 473 1408 518 1475; x_wconf 90' lang='lat' dir='ltr'><strong>de</strong></span> <span class='ocrx_word' id='word_1_72' title='bbox 541 1407 685 1477; x_wconf 86' lang='lat' dir='ltr'><strong>latebris</strong></span> <span class='ocrx_word' id='word_1_73' title='bbox 706 1430 875 1498; x_wconf 88' lang='lat' dir='ltr'><strong>aquarum</strong></span> <span class='ocrx_word' id='word_1_74' title='bbox 899 1429 969 1475; x_wconf 91' lang='lat' dir='ltr'><strong>non</strong></span> <span class='ocrx_word' id='word_1_75' title='bbox 995 1408 1124 1489; x_wconf 90' lang='lat' dir='ltr'><strong>minus,</strong></span> <span class='ocrx_word' id='word_1_76' title='bbox 1144 1410 1220 1499; x_wconf 86' lang='lat' dir='ltr'><strong>opi-</strong></span> 
     </span>
     <span class='ocr_line' id='line_1_13' title="bbox 166 1522 1217 1615; baseline 0.001 -24"><span class='ocrx_word' id='word_1_77' title='bbox 166 1545 241 1606; x_wconf 86' lang='lat' dir='ltr'><strong>nor,</strong></span> <span class='ocrx_word' id='word_1_78' title='bbox 267 1522 421 1592; x_wconf 87' lang='lat' dir='ltr'><strong>fabulam</strong></span> <span class='ocrx_word' id='word_1_79' title='bbox 455 1522 626 1606; x_wconf 85' lang='lat' dir='ltr'>redolent,</span> <span class='ocrx_word' id='word_1_80' title='bbox 652 1546 767 1615; x_wconf 90' lang='lat' dir='ltr'><strong>neque</strong></span> <span class='ocrx_word' id='word_1_81' title='bbox 802 1523 938 1615; x_wconf 87' lang='lat' dir='ltr'><strong>parcius</strong></span> <span class='ocrx_word' id='word_1_82' title='bbox 967 1525 1141 1593; x_wconf 89' lang='lat' dir='ltr'><strong>recedunt</strong></span> <span class='ocrx_word' id='word_1_83' title='bbox 1172 1525 1217 1594; x_wconf 90' lang='lat' dir='ltr'><strong>ab</strong></span> 
     </span>
     <span class='ocr_line' id='line_1_14' title="bbox 166 1639 1215 1730; baseline 0.003 -24"><span class='ocrx_word' id='word_1_84' title='bbox 166 1639 347 1708; x_wconf 89' lang='lat' dir='ltr'><strong>oculorum</strong></span> <span class='ocrx_word' id='word_1_85' title='bbox 368 1640 515 1730; x_wconf 89' lang='lat' dir='ltr'><strong>judicio,</strong></span> <span class='ocrx_word' id='word_1_86' title='bbox 542 1647 650 1730; x_wconf 88' lang='lat' dir='ltr'><strong>atque</strong></span> <span class='ocrx_word' id='word_1_87' title='bbox 672 1663 694 1708; x_wconf 91' lang='lat' dir='ltr'><strong>a</strong></span> <span class='ocrx_word' id='word_1_88' title='bbox 718 1648 887 1709; x_wconf 83' lang='lat' dir='ltr'><strong>consueto</strong></span> <span class='ocrx_word' id='word_1_89' title='bbox 911 1639 1052 1708; x_wconf 87' lang='lat' dir='ltr'><strong>vivendi</strong></span> <span class='ocrx_word' id='word_1_90' title='bbox 1081 1649 1215 1722; x_wconf 89' lang='lat' dir='ltr'><strong>tenore,</strong></span> 
     </span>
     <span class='ocr_line' id='line_1_15' title="bbox 165 1755 1217 1848; baseline 0.004 -25"><span class='ocrx_word' id='word_1_91' title='bbox 165 1778 270 1846; x_wconf 88' lang='lat' dir='ltr'><strong>quam</strong></span> <span class='ocrx_word' id='word_1_92' title='bbox 293 1755 353 1825; x_wconf 90' lang='lat' dir='ltr'><strong>illa</strong></span> <span class='ocrx_word' id='word_1_93' title='bbox 371 1755 545 1827; x_wconf 89' lang='lat' dir='ltr'><strong>Ovidiana</strong></span> <span class='ocrx_word' id='word_1_94' title='bbox 562 1757 607 1825; x_wconf 92' lang='lat' dir='ltr'><strong>de</strong></span> <span class='ocrx_word' id='word_1_95' title='bbox 625 1777 776 1846; x_wconf 87' lang='lat' dir='ltr'><strong>superna</strong></span> <span class='ocrx_word' id='word_1_96' title='bbox 800 1755 935 1848; x_wconf 85' lang='lat' dir='ltr'><strong>ignium</strong></span> <span class='ocrx_word' id='word_1_97' title='bbox 953 1755 1072 1823; x_wconf 88' lang='lat' dir='ltr'><strong>domo.</strong></span> <span class='ocrx_word' id='word_1_98' title='bbox 1113 1755 1217 1827; x_wconf 86' lang='lat' dir='ltr'><strong>Fecit</strong></span> 
     </span>
     <span class='ocr_line' id='line_1_16' title="bbox 165 1869 1215 1960; baseline 0.002 -22"><span class='ocrx_word' id='word_1_99' title='bbox 165 1879 285 1938; x_wconf 88' lang='lat' dir='ltr'><strong>autem</strong></span> <span class='ocrx_word' id='word_1_100' title='bbox 316 1872 541 1940; x_wconf 88' lang='lat' dir='ltr'><strong>suavissimus</strong></span> <span class='ocrx_word' id='word_1_101' title='bbox 571 1870 711 1952; x_wconf 77' lang='lat' dir='ltr'><strong>artifeX,</strong></span> <span class='ocrx_word' id='word_1_102' title='bbox 738 1879 779 1938; x_wconf 90' lang='lat' dir='ltr'><strong>ut</strong></span> <span class='ocrx_word' id='word_1_103' title='bbox 808 1871 939 1960; x_wconf 90' lang='lat' dir='ltr'><strong>injecta</strong></span> <span class='ocrx_word' id='word_1_104' title='bbox 965 1869 1215 1960; x_wconf 80' lang='lat' dir='ltr'><strong>speluncarum</strong></span> 
     </span>
     <span class='ocr_line' id='line_1_17' title="bbox 165 1984 1217 2075; baseline 0.005 -24"><span class='ocrx_word' id='word_1_105' title='bbox 165 1986 356 2066; x_wconf 82' lang='lat' dir='ltr'><strong>mentione,</strong></span> <span class='ocrx_word' id='word_1_106' title='bbox 376 2007 449 2054; x_wconf 88' lang='lat' dir='ltr'><strong>rem</strong></span> <span class='ocrx_word' id='word_1_107' title='bbox 468 2007 609 2053; x_wconf 90' lang='lat' dir='ltr'><strong>omnem</strong></span> <span class='ocrx_word' id='word_1_108' title='bbox 629 1985 726 2075; x_wconf 85' lang='lat' dir='ltr'><strong>quasi</strong></span> <span class='ocrx_word' id='word_1_109' title='bbox 744 1984 900 2054; x_wconf 88' lang='lat' dir='ltr'><strong>traderet</strong></span> <span class='ocrx_word' id='word_1_110' title='bbox 923 2006 965 2053; x_wconf 88' lang='lat' dir='ltr'><strong>ac</strong></span> <span class='ocrx_word' id='word_1_111' title='bbox 986 1987 1217 2056; x_wconf 80' lang='lat' dir='ltr'><strong>commende-</strong></span> 
     </span>
     <span class='ocr_line' id='line_1_18' title="bbox 165 2098 1216 2190; baseline 0.004 -24"><span class='ocrx_word' id='word_1_112' title='bbox 165 2107 219 2168; x_wconf 91' lang='lat' dir='ltr'><strong>ret</strong></span> <span class='ocrx_word' id='word_1_113' title='bbox 241 2099 414 2179; x_wconf 91' lang='lat' dir='ltr'><strong>omnibus,</strong></span> <span class='ocrx_word' id='word_1_114' title='bbox 434 2099 491 2189; x_wconf 92' lang='lat' dir='ltr'><strong>qui</strong></span> <span class='ocrx_word' id='word_1_115' title='bbox 520 2098 593 2167; x_wconf 90' lang='lat' dir='ltr'><strong>ullo</strong></span> <span class='ocrx_word' id='word_1_116' title='bbox 617 2108 777 2190; x_wconf 90' lang='lat' dir='ltr'><strong>tempore</strong></span> <span class='ocrx_word' id='word_1_117' title='bbox 803 2099 990 2168; x_wconf 86' lang='lat' dir='ltr'><strong>habuerint</strong></span> <span class='ocrx_word' id='word_1_118' title='bbox 1016 2099 1050 2166; x_wconf 92' lang='lat' dir='ltr'><strong>in</strong></span> <span class='ocrx_word' id='word_1_119' title='bbox 1080 2100 1216 2170; x_wconf 88' lang='lat' dir='ltr'><strong>deliciis</strong></span> 
     </span>
     <span class='ocr_line' id='line_1_19' title="bbox 165 2215 1216 2305; baseline 0.004 -23"><span class='ocrx_word' id='word_1_120' title='bbox 165 2224 266 2284; x_wconf 89' lang='lat' dir='ltr'><strong>antra</strong></span> <span class='ocrx_word' id='word_1_121' title='bbox 282 2223 320 2284; x_wconf 86' lang='lat' dir='ltr'><strong>et</strong></span> <span class='ocrx_word' id='word_1_122' title='bbox 339 2215 481 2284; x_wconf 87' lang='lat' dir='ltr'><strong>“fontes</strong></span> <span class='ocrx_word' id='word_1_123' title='bbox 500 2216 650 2305; x_wconf 88' lang='lat' dir='ltr'><strong>vivoque</strong></span> <span class='ocrx_word' id='word_1_124' title='bbox 667 2215 790 2284; x_wconf 90' lang='lat' dir='ltr'><strong>sedilia</strong></span> <span class='ocrx_word' id='word_1_125' title='bbox 807 2215 922 2297; x_wconf 85' lang='lat' dir='ltr'><strong>saxo,’&#39;</strong></span> <span class='ocrx_word' id='word_1_126' title='bbox 941 2224 977 2283; x_wconf 91' lang='lat' dir='ltr'><strong>et</strong></span> <span class='ocrx_word' id='word_1_127' title='bbox 995 2227 1123 2285; x_wconf 85' lang='lat' dir='ltr'><strong>caetera</strong></span> <span class='ocrx_word' id='word_1_128' title='bbox 1140 2240 1216 2286; x_wconf 92' lang='lat' dir='ltr'><strong>om-</strong></span> 
     </span>
     <span class='ocr_line' id='line_1_20' title="bbox 165 2330 1217 2423; baseline 0.004 -24"><span class='ocrx_word' id='word_1_129' title='bbox 165 2332 232 2413; x_wconf 88' lang='lat' dir='ltr'><strong>nia,</strong></span> <span class='ocrx_word' id='word_1_130' title='bbox 251 2354 399 2421; x_wconf 91' lang='lat' dir='ltr'><strong>qnorum</strong></span> <span class='ocrx_word' id='word_1_131' title='bbox 422 2354 529 2422; x_wconf 90' lang='lat' dir='ltr'><strong>opera</strong></span> <span class='ocrx_word' id='word_1_132' title='bbox 548 2331 703 2401; x_wconf 86' lang='lat' dir='ltr'><strong>mulcere</strong></span> <span class='ocrx_word' id='word_1_133' title='bbox 726 2354 767 2400; x_wconf 86' lang='lat' dir='ltr'><strong>ao</strong></span> <span class='ocrx_word' id='word_1_134' title='bbox 791 2353 916 2423; x_wconf 84' lang='lat' dir='ltr'><strong>capere</strong></span> <span class='ocrx_word' id='word_1_135' title='bbox 941 2330 1056 2400; x_wconf 85' lang='lat' dir='ltr'><strong>solent</strong></span> <span class='ocrx_word' id='word_1_136' title='bbox 1082 2345 1217 2403; x_wconf 79' lang='lat' dir='ltr'><strong>monta¹</strong></span> 
     </span>
     <span class='ocr_line' id='line_1_21' title="bbox 165 2445 1217 2539; baseline 0.005 -26"><span class='ocrx_word' id='word_1_137' title='bbox 165 2445 251 2514; x_wconf 91' lang='lat' dir='ltr'><strong>lium</strong></span> <span class='ocrx_word' id='word_1_138' title='bbox 271 2447 406 2514; x_wconf 87' lang='lat' dir='ltr'><strong>animos</strong></span> <span class='ocrx_word' id='word_1_139' title='bbox 423 2468 533 2515; x_wconf 86' lang='lat' dir='ltr'><strong>vacua</strong></span> <span class='ocrx_word' id='word_1_140' title='bbox 550 2445 710 2516; x_wconf 91' lang='lat' dir='ltr'><strong>littorum</strong></span> <span class='ocrx_word' id='word_1_141' title='bbox 727 2449 850 2539; x_wconf 87' lang='lat' dir='ltr'><strong>spatia,</strong></span> <span class='ocrx_word' id='word_1_142' title='bbox 863 2456 898 2515; x_wconf 91' lang='lat' dir='ltr'><strong>et</strong></span> <span class='ocrx_word' id='word_1_143' title='bbox 913 2445 1046 2517; x_wconf 83' lang='lat' dir='ltr'><strong>Oceani</strong></span> <span class='ocrx_word' id='word_1_144' title='bbox 1066 2449 1217 2530; x_wconf 88' lang='lat' dir='ltr'><strong>sonitus,</strong></span> 
     </span>
     <span class='ocr_line' id='line_1_22' title="bbox 165 2562 1217 2654; baseline 0.002 -24"><span class='ocrx_word' id='word_1_145' title='bbox 165 2564 248 2653; x_wconf 88' lang='lat' dir='ltr'><strong>quin</strong></span> <span class='ocrx_word' id='word_1_146' title='bbox 268 2571 304 2630; x_wconf 90' lang='lat' dir='ltr'><strong>et</strong></span> <span class='ocrx_word' id='word_1_147' title='bbox 322 2564 496 2631; x_wconf 88' lang='lat' dir='ltr'><strong>undarum</strong></span> <span class='ocrx_word' id='word_1_148' title='bbox 515 2562 575 2631; x_wconf 92' lang='lat' dir='ltr'><strong>ille</strong></span> <span class='ocrx_word' id='word_1_149' title='bbox 593 2562 714 2654; x_wconf 92' lang='lat' dir='ltr'><strong>pulsus</strong></span> <span class='ocrx_word' id='word_1_150' title='bbox 732 2574 768 2633; x_wconf 89' lang='lat' dir='ltr'><strong>et</strong></span> <span class='ocrx_word' id='word_1_151' title='bbox 786 2564 911 2634; x_wconf 89' lang='lat' dir='ltr'><strong>surdus</strong></span> <span class='ocrx_word' id='word_1_152' title='bbox 928 2565 1045 2632; x_wconf 91' lang='lat' dir='ltr'><strong>nescio</strong></span> <span class='ocrx_word' id='word_1_153' title='bbox 1064 2564 1124 2654; x_wconf 92' lang='lat' dir='ltr'><strong>qui</strong></span> <span class='ocrx_word' id='word_1_154' title='bbox 1144 2574 1217 2632; x_wconf 89' lang='lat' dir='ltr'><strong>tre-</strong></span> 
     </span>
     <span class='ocr_line' id='line_1_23' title="bbox 165 2680 1213 2771; baseline 0.002 -24"><span class='ocrx_word' id='word_1_155' title='bbox 165 2703 252 2758; x_wconf 88' lang='lat' dir='ltr'><strong>mor,</strong></span> <span class='ocrx_word' id='word_1_156' title='bbox 274 2701 343 2768; x_wconf 92' lang='lat' dir='ltr'><strong>quo</strong></span> <span class='ocrx_word' id='word_1_157' title='bbox 371 2680 510 2769; x_wconf 86' lang='lat' dir='ltr'><strong>penitus</strong></span> <span class='ocrx_word' id='word_1_158' title='bbox 536 2680 703 2771; x_wconf 89' lang='lat' dir='ltr'><strong>compleri</strong></span> <span class='ocrx_word' id='word_1_159' title='bbox 730 2682 891 2749; x_wconf 89' lang='lat' dir='ltr'><strong>novimus</strong></span> <span class='ocrx_word' id='word_1_160' title='bbox 914 2680 1086 2770; x_wconf 87' lang='lat' dir='ltr'><strong>ejusmodi</strong></span> <span class='ocrx_word' id='word_1_161' title='bbox 1114 2680 1213 2749; x_wconf 88' lang='lat' dir='ltr'><strong>loca:</strong></span> 
     </span>
     <span class='ocr_line' id='line_1_24' title="bbox 165 2795 1215 2888; baseline 0.003 -25"><span class='ocrx_word' id='word_1_162' title='bbox 165 2819 209 2863; x_wconf 88' lang='lat' dir='ltr'><strong>ne</strong></span> <span class='ocrx_word' id='word_1_163' title='bbox 234 2795 324 2863; x_wconf 88' lang='lat' dir='ltr'><strong>forte</strong></span> <span class='ocrx_word' id='word_1_164' title='bbox 348 2819 418 2862; x_wconf 89' lang='lat' dir='ltr'><strong>non</strong></span> <span class='ocrx_word' id='word_1_165' title='bbox 445 2805 560 2864; x_wconf 87' lang='lat' dir='ltr'><strong>tactus</strong></span> <span class='ocrx_word' id='word_1_166' title='bbox 587 2797 706 2876; x_wconf 86' lang='lat' dir='ltr'><strong>etiam,</strong></span> <span class='ocrx_word' id='word_1_167' title='bbox 725 2807 851 2888; x_wconf 91' lang='lat' dir='ltr'><strong>praeter</strong></span> <span class='ocrx_word' id='word_1_168' title='bbox 872 2796 992 2865; x_wconf 87' lang='lat' dir='ltr'><strong>oculos</strong></span> <span class='ocrx_word' id='word_1_169' title='bbox 1018 2807 1126 2886; x_wconf 91' lang='lat' dir='ltr'><strong>atque</strong></span> <span class='ocrx_word' id='word_1_170' title='bbox 1154 2820 1215 2866; x_wconf 92' lang='lat' dir='ltr'><strong>au-</strong></span> 
     </span>
     <span class='ocr_line' id='line_1_25' title="bbox 165 2911 1215 3004; baseline 0.004 -26"><span class='ocrx_word' id='word_1_171' title='bbox 165 2934 228 2992; x_wconf 88' lang='lat' dir='ltr'><strong>res,</strong></span> <span class='ocrx_word' id='word_1_172' title='bbox 247 2912 424 2979; x_wconf 87' lang='lat' dir='ltr'><strong>inlinitum</strong></span> <span class='ocrx_word' id='word_1_173' title='bbox 448 2911 589 3002; x_wconf 89' lang='lat' dir='ltr'><strong>aliquod</strong></span> <span class='ocrx_word' id='word_1_174' title='bbox 616 2914 776 3004; x_wconf 88' lang='lat' dir='ltr'><strong>proxime</strong></span> <span class='ocrx_word' id='word_1_175' title='bbox 802 2913 923 2981; x_wconf 88' lang='lat' dir='ltr'><strong>abesse</strong></span> <span class='ocrx_word' id='word_1_176' title='bbox 948 2913 1085 2981; x_wconf 87' lang='lat' dir='ltr'><strong>doceat.</strong></span> <span class='ocrx_word' id='word_1_177' title='bbox 1138 2912 1215 2982; x_wconf 93' lang='lat' dir='ltr'><strong>Ha-</strong></span> 
     </span>
     <span class='ocr_line' id='line_1_26' title="bbox 165 3027 1215 3119; baseline 0.003 -26"><span class='ocrx_word' id='word_1_178' title='bbox 165 3050 254 3109; x_wconf 88' lang='lat' dir='ltr'><strong>rum,</strong></span> <span class='ocrx_word' id='word_1_179' title='bbox 282 3028 436 3116; x_wconf 83' lang='lat' dir='ltr'><strong>inquam,</strong></span> <span class='ocrx_word' id='word_1_180' title='bbox 463 3027 668 3095; x_wconf 88' lang='lat' dir='ltr'><strong>deliciarum</strong></span> <span class='ocrx_word' id='word_1_181' title='bbox 702 3029 884 3097; x_wconf 89' lang='lat' dir='ltr'><strong>mentione</strong></span> <span class='ocrx_word' id='word_1_182' title='bbox 918 3028 1098 3119; x_wconf 83' lang='lat' dir='ltr'><strong>mitigavit</strong></span> <span class='ocrx_word' id='word_1_183' title='bbox 1127 3052 1215 3118; x_wconf 88' lang='lat' dir='ltr'><strong>quo-</strong></span> 
     </span>
     <span class='ocr_line' id='line_1_27' title="bbox 165 3141 1213 3234; baseline 0.002 -24"><span class='ocrx_word' id='word_1_184' title='bbox 165 3144 352 3211; x_wconf 88' lang='lat' dir='ltr'><strong>dammodo</strong></span> <span class='ocrx_word' id='word_1_185' title='bbox 368 3142 526 3232; x_wconf 83' lang='lat' dir='ltr'><strong>Scriptor</strong></span> <span class='ocrx_word' id='word_1_186' title='bbox 539 3141 693 3210; x_wconf 88' lang='lat' dir='ltr'><strong>fabulam</strong></span> <span class='ocrx_word' id='word_1_187' title='bbox 713 3165 822 3224; x_wconf 86' lang='lat' dir='ltr'><strong>suam,</strong></span> <span class='ocrx_word' id='word_1_188' title='bbox 834 3152 870 3212; x_wconf 92' lang='lat' dir='ltr'><strong>et</strong></span> <span class='ocrx_word' id='word_1_189' title='bbox 883 3145 919 3211; x_wconf 91' lang='lat' dir='ltr'><strong>in</strong></span> <span class='ocrx_word' id='word_1_190' title='bbox 933 3165 1012 3212; x_wconf 88' lang='lat' dir='ltr'><strong>eam</strong></span> <span class='ocrx_word' id='word_1_191' title='bbox 1031 3143 1213 3234; x_wconf 86' lang='lat' dir='ltr'><strong>regionem</strong></span> 
     </span>
     <span class='ocr_line' id='line_1_28' title="bbox 164 3257 946 3350; baseline 0.001 -24"><span class='ocrx_word' id='word_1_192' title='bbox 164 3259 354 3339; x_wconf 88' lang='lat' dir='ltr'><strong>transtulit,</strong></span> <span class='ocrx_word' id='word_1_193' title='bbox 373 3259 433 3326; x_wconf 91' lang='lat' dir='ltr'><strong>ubi</strong></span> <span class='ocrx_word' id='word_1_194' title='bbox 452 3257 545 3326; x_wconf 89' lang='lat' dir='ltr'><strong>ultro</strong></span> <span class='ocrx_word' id='word_1_195' title='bbox 563 3259 760 3350; x_wconf 86' lang='lat' dir='ltr'><strong>spatiantur</strong></span> <span class='ocrx_word' id='word_1_196' title='bbox 776 3259 946 3328; x_wconf 89' lang='lat' dir='ltr'><strong>homines.</strong></span> 
     </span>
    </p>

    <p class='ocr_par' dir='ltr' id='par_1_5' title="bbox 163 3371 1215 4276">
     <span class='ocr_line' id='line_1_29' title="bbox 216 3371 1214 3466; baseline 0.003 -26"><span class='ocrx_word' id='word_1_197' title='bbox 216 3371 272 3442; x_wconf 85' lang='lat' dir='ltr'><strong>Ex</strong></span> <span class='ocrx_word' id='word_1_198' title='bbox 298 3374 351 3442; x_wconf 87' lang='lat' dir='ltr'><strong>his</strong></span> <span class='ocrx_word' id='word_1_199' title='bbox 378 3373 619 3466; x_wconf 87' lang='lat' dir='ltr'><strong>intelligimus,</strong></span> <span class='ocrx_word' id='word_1_200' title='bbox 638 3375 665 3442; x_wconf 87' lang='lat' dir='ltr'><strong>si</strong></span> <span class='ocrx_word' id='word_1_201' title='bbox 685 3398 753 3464; x_wconf 92' lang='lat' dir='ltr'><strong>qua</strong></span> <span class='ocrx_word' id='word_1_202' title='bbox 771 3376 960 3443; x_wconf 88' lang='lat' dir='ltr'><strong>occurrerit</strong></span> <span class='ocrx_word' id='word_1_203' title='bbox 978 3376 1117 3466; x_wconf 86' lang='lat' dir='ltr'><strong>pictura</strong></span> <span class='ocrx_word' id='word_1_204' title='bbox 1136 3399 1214 3466; x_wconf 85' lang='lat' dir='ltr'><strong>quae</strong></span> 
     </span>
     <span class='ocr_line' id='line_1_30' title="bbox 163 3490 1214 3583; baseline 0.002 -25"><span class='ocrx_word' id='word_1_205' title='bbox 163 3511 226 3581; x_wconf 88' lang='lat' dir='ltr'><strong>per</strong></span> <span class='ocrx_word' id='word_1_206' title='bbox 243 3513 280 3559; x_wconf 87' lang='lat' dir='ltr'><strong>se</strong></span> <span class='ocrx_word' id='word_1_207' title='bbox 299 3490 354 3560; x_wconf 90' lang='lat' dir='ltr'><strong>vel</strong></span> <span class='ocrx_word' id='word_1_208' title='bbox 372 3493 556 3583; x_wconf 83' lang='lat' dir='ltr'><strong>peregrina</strong></span> <span class='ocrx_word' id='word_1_209' title='bbox 573 3490 626 3559; x_wconf 91' lang='lat' dir='ltr'><strong>vel</strong></span> <span class='ocrx_word' id='word_1_210' title='bbox 646 3492 795 3559; x_wconf 89' lang='lat' dir='ltr'><strong>nimium</strong></span> <span class='ocrx_word' id='word_1_211' title='bbox 814 3493 959 3560; x_wconf 89' lang='lat' dir='ltr'><strong>fortasse</strong></span> <span class='ocrx_word' id='word_1_212' title='bbox 977 3493 1023 3560; x_wconf 91' lang='lat' dir='ltr'><strong>sit</strong></span> <span class='ocrx_word' id='word_1_213' title='bbox 1041 3492 1214 3572; x_wconf 88' lang='lat' dir='ltr'><strong>fabulosa,</strong></span> 
     </span>
     <span class='ocr_line' id='line_1_31' title="bbox 163 3606 1214 3699; baseline 0.003 -26"><span class='ocrx_word' id='word_1_214' title='bbox 163 3607 297 3675; x_wconf 82' lang='lat' dir='ltr'><strong>mederi</strong></span> <span class='ocrx_word' id='word_1_215' title='bbox 321 3606 471 3675; x_wconf 85' lang='lat' dir='ltr'><strong>voluisse</strong></span> <span class='ocrx_word' id='word_1_216' title='bbox 495 3630 640 3698; x_wconf 82' lang='lat' dir='ltr'><strong>magnos</strong></span> <span class='ocrx_word' id='word_1_217' title='bbox 666 3607 750 3676; x_wconf 90' lang='lat' dir='ltr'><strong>olim</strong></span> <span class='ocrx_word' id='word_1_218' title='bbox 777 3609 961 3699; x_wconf 85' lang='lat' dir='ltr'><strong>scriptores</strong></span> <span class='ocrx_word' id='word_1_219' title='bbox 991 3608 1047 3676; x_wconf 90' lang='lat' dir='ltr'><strong>isti</strong></span> <span class='ocrx_word' id='word_1_220' title='bbox 1079 3609 1214 3677; x_wconf 87' lang='lat' dir='ltr'><strong>incom-</strong></span> 
     </span>
     <span class='ocr_line' id='line_1_32' title="bbox 163 3722 1215 3815; baseline 0.002 -25"><span class='ocrx_word' id='word_1_221' title='bbox 163 3723 279 3805; x_wconf 89' lang='lat' dir='ltr'><strong>modo,</strong></span> <span class='ocrx_word' id='word_1_222' title='bbox 299 3722 428 3814; x_wconf 92' lang='lat' dir='ltr'><strong>duplici</strong></span> <span class='ocrx_word' id='word_1_223' title='bbox 450 3724 561 3791; x_wconf 87' lang='lat' dir='ltr'><strong>ferme</strong></span> <span class='ocrx_word' id='word_1_224' title='bbox 581 3724 750 3792; x_wconf 88' lang='lat' dir='ltr'><strong>formula:</strong></span> <span class='ocrx_word' id='word_1_225' title='bbox 777 3748 858 3792; x_wconf 86' lang='lat' dir='ltr'><strong>cum</strong></span> <span class='ocrx_word' id='word_1_226' title='bbox 883 3725 1011 3815; x_wconf 90' lang='lat' dir='ltr'><strong>partim</strong></span> <span class='ocrx_word' id='word_1_227' title='bbox 1035 3747 1111 3791; x_wconf 87' lang='lat' dir='ltr'><strong>rem</strong></span> <span class='ocrx_word' id='word_1_228' title='bbox 1136 3726 1215 3793; x_wconf 89' lang='lat' dir='ltr'><strong>uui-</strong></span> 
     </span>
     <span class='ocr_line' id='line_1_33' title="bbox 164 3838 1213 3931; baseline 0.001 -25"><span class='ocrx_word' id='word_1_229' title='bbox 164 3863 299 3909; x_wconf 87' lang='lat' dir='ltr'><strong>versam</strong></span> <span class='ocrx_word' id='word_1_230' title='bbox 328 3849 490 3908; x_wconf 87' lang='lat' dir='ltr'><strong>ornarent</strong></span> <span class='ocrx_word' id='word_1_231' title='bbox 520 3838 598 3908; x_wconf 87' lang='lat' dir='ltr'><strong>luce</strong></span> <span class='ocrx_word' id='word_1_232' title='bbox 625 3842 775 3930; x_wconf 88' lang='lat' dir='ltr'><strong>quadam</strong></span> <span class='ocrx_word' id='word_1_233' title='bbox 800 3843 883 3930; x_wconf 86' lang='lat' dir='ltr'><strong>ejus,</strong></span> <span class='ocrx_word' id='word_1_234' title='bbox 910 3843 1014 3931; x_wconf 74' lang='lat' dir='ltr'><strong>quari]</strong></span> <span class='ocrx_word' id='word_1_235' title='bbox 1044 3841 1213 3922; x_wconf 81' lang='lat' dir='ltr'><strong>diximus,</strong></span> 
     </span>
     <span class='ocr_line' id='line_1_34' title="bbox 165 3955 1213 4048; baseline 0 -25"><span class='ocrx_word' id='word_1_236' title='bbox 165 3955 359 4048; x_wconf 75' lang='lat' dir='ltr'><strong>Analogia,</strong></span> <span class='ocrx_word' id='word_1_237' title='bbox 377 3957 503 4046; x_wconf 90' lang='lat' dir='ltr'><strong>partim</strong></span> <span class='ocrx_word' id='word_1_238' title='bbox 528 3955 620 4023; x_wconf 87' lang='lat' dir='ltr'><strong>bono</strong></span> <span class='ocrx_word' id='word_1_239' title='bbox 645 3956 788 4037; x_wconf 90' lang='lat' dir='ltr'><strong>lumine,</strong></span> <span class='ocrx_word' id='word_1_240' title='bbox 807 3957 901 4046; x_wconf 89' lang='lat' dir='ltr'><strong>quasi</strong></span> <span class='ocrx_word' id='word_1_241' title='bbox 927 3955 1085 4035; x_wconf 87' lang='lat' dir='ltr'><strong>fortuit0,</strong></span> <span class='ocrx_word' id='word_1_242' title='bbox 1105 3956 1213 4024; x_wconf 87' lang='lat' dir='ltr'><strong>collo-</strong></span> 
     </span>
     <span class='ocr_line' id='line_1_35' title="bbox 164 4070 1211 4140; baseline 0.001 -2"><span class='ocrx_word' id='word_1_243' title='bbox 164 4081 285 4140; x_wconf 87' lang='lat' dir='ltr'><strong>carent</strong></span> <span class='ocrx_word' id='word_1_244' title='bbox 303 4072 383 4140; x_wconf 91' lang='lat' dir='ltr'><strong>hino</strong></span> <span class='ocrx_word' id='word_1_245' title='bbox 402 4071 484 4139; x_wconf 90' lang='lat' dir='ltr'><strong>inde</strong></span> <span class='ocrx_word' id='word_1_246' title='bbox 502 4081 687 4140; x_wconf 83' lang='lat' dir='ltr'><strong>consuetas</strong></span> <span class='ocrx_word' id='word_1_247' title='bbox 705 4083 741 4140; x_wconf 91' lang='lat' dir='ltr'><strong>et</strong></span> <span class='ocrx_word' id='word_1_248' title='bbox 760 4073 969 4140; x_wconf 86' lang='lat' dir='ltr'><strong>domesticas</strong></span> <span class='ocrx_word' id='word_1_249' title='bbox 987 4093 1053 4139; x_wconf 87' lang='lat' dir='ltr'><strong>res.</strong></span> <span class='ocrx_word' id='word_1_250' title='bbox 1103 4070 1211 4140; x_wconf 86' lang='lat' dir='ltr'><strong>Nunc</strong></span> 
     </span>
     <span class='ocr_line' id='line_1_36' title="bbox 164 4185 1209 4276; baseline 0.001 -23"><span class='ocrx_word' id='word_1_251' title='bbox 164 4187 347 4255; x_wconf 85' lang='lat' dir='ltr'><strong>redeamus</strong></span> <span class='ocrx_word' id='word_1_252' title='bbox 365 4187 406 4256; x_wconf 90' lang='lat' dir='ltr'><strong>ad</strong></span> <span class='ocrx_word' id='word_1_253' title='bbox 428 4186 653 4255; x_wconf 84' lang='lat' dir='ltr'><strong>Lucretium:</strong></span> <span class='ocrx_word' id='word_1_254' title='bbox 679 4189 738 4276; x_wconf 86' lang='lat' dir='ltr'><strong>qui</strong></span> <span class='ocrx_word' id='word_1_255' title='bbox 757 4189 822 4255; x_wconf 87' lang='lat' dir='ltr'><strong>etsi</strong></span> <span class='ocrx_word' id='word_1_256' title='bbox 845 4211 915 4255; x_wconf 89' lang='lat' dir='ltr'><strong>non</strong></span> <span class='ocrx_word' id='word_1_257' title='bbox 938 4186 1051 4254; x_wconf 86' lang='lat' dir='ltr'><strong>multa</strong></span> <span class='ocrx_word' id='word_1_258' title='bbox 1069 4185 1209 4265; x_wconf 81' lang='lat' dir='ltr'><strong>lrabeat,</strong></span> 
     </span>
    </p>
   </div>
   <div class='ocr_carea' id='block_1_3' title="bbox 164 4300 1209 4393">
    <p class='ocr_par' dir='ltr' id='par_1_6' title="bbox 164 4300 1209 4393">
     <span class='ocr_line' id='line_1_37' title="bbox 164 4300 1209 4393; baseline 0.002 -26"><span class='ocrx_word' id='word_1_259' title='bbox 164 4323 240 4389; x_wconf 88' lang='lat' dir='ltr'><strong>quae</strong></span> <span class='ocrx_word' id='word_1_260' title='bbox 258 4310 319 4369; x_wconf 89' lang='lat' dir='ltr'><strong>aut</strong></span> <span class='ocrx_word' id='word_1_261' title='bbox 337 4300 495 4370; x_wconf 85' lang='lat' dir='ltr'><strong>fabulosa</strong></span> <span class='ocrx_word' id='word_1_262' title='bbox 516 4304 585 4371; x_wconf 86' lang='lat' dir='ltr'><strong>sint</strong></span> <span class='ocrx_word' id='word_1_263' title='bbox 608 4312 670 4370; x_wconf 90' lang='lat' dir='ltr'><strong>aut</strong></span> <span class='ocrx_word' id='word_1_264' title='bbox 696 4304 975 4393; x_wconf 63' lang='lat' dir='ltr'><strong>peregrinatum</strong></span> <span class='ocrx_word' id='word_1_265' title='bbox 996 4312 1116 4368; x_wconf 86' lang='lat' dir='ltr'><strong>tamen</strong></span> <span class='ocrx_word' id='word_1_266' title='bbox 1136 4323 1209 4369; x_wconf 85' lang='lat' dir='ltr'><strong>om-</strong></span> 
     </span>
    </p>
   </div>
   <div class='ocr_carea' id='block_1_4' title="bbox 0 0 1388 4876">
    <p class='ocr_par' dir='ltr' id='par_1_7' title="bbox 0 0 1388 4876">
     <span class='ocr_line' id='line_1_38' title="bbox 0 0 1388 4876; baseline 0 0"><span class='ocrx_word' id='word_1_267' title='bbox 0 0 1388 4876; x_wconf 95' lang='lat' dir='ltr'><strong> </strong></span> 
     </span>
    </p>
   </div>
  </div>
 </body>
</html>
