2768 4876
51 356 69 429 fc

176 318 242 390 596
462 322 663 408 &caporum
669 326 804 410 propotu
818 324 929 404 dicero,
1025 340 1211 390 numm.

61 488 64 493 ’
175 492 256 562 dam
284 501 322 563 et
348 493 639 586 significationem
665 495 799 566 habent
824 497 967 578 servitii,
987 499 1137 570 mirifice
1160 521 1213 568 cx-

173 631 326 702 pressam
343 610 388 679 ad
406 610 589 701 exemplar
604 611 776 702 ejusmodi
793 612 978 683 hominum
990 613 1027 685 ⁵?

347 748 441 803 δοῦλος
451 748 499 817 μὲν
510 745 555 803 οὖν
567 749 649 820 ἔγωγε
661 754 718 805 σῶν
729 750 821 820 δόμων,
834 750 906 820 ἅναξ·

346 834 411 904 drap
423 836 550 890 τοσοῦτόν
560 834 585 906 γ’
597 836 628 890 οὔ
640 834 783 906 δυνήσομαί
793 859 857 892 ποτε

346 922 392 976 τὸν
403 923 453 976 σὸν
463 921 586 976 πιθέσθαι
597 921 677 986 παῖδ’,
690 921 760 979 ὅπως
771 924 843 979 ἔστιν
854 927 939 981 κακός.

345 1006 400 1061 οὐδ’
412 1007 435 1060 εἶ
448 1013 574 1078 γυναικῶν
584 1012 635 1062 πᾶν
647 1010 801 1080 κρεμασθείη
812 1010 895 1081 γένος,

345 1094 387 1147 καὶ
398 1094 444 1163 rrlv
456 1094 484 1149 ἐν
493 1093 546 1164 ’1δῇ
558 1097 714 1166 γραμμάτων
724 1096 836 1166 πλήσειέ
845 1120 885 1154 τις

343 1179 446 1249 πεύκην·
465 1182 520 1235 ἕπει
531 1204 575 1251 μεν
587 1181 685 1237 ἐσθλὸν
696 1181 748 1238 ὅντ’
761 1183 910 1254 ἐπίσταμαι.

219 1302 311 1373 Cum
329 1313 447 1374 autem
466 1305 503 1372 in
521 1304 692 1375 hodierno
708 1326 870 1375 sermone
888 1303 1083 1399 Shaksperi
1108 1309 1212 1378 nostri

168 1420 303 1489 mentio
325 1442 396 1487 non
422 1418 532 1489 semel
554 1420 727 1502 inciderit,
745 1442 900 1511 quaerere
917 1420 1007 1490 libet
1024 1444 1070 1491 an
1089 1444 1136 1491 ex
1151 1423 1212 1492 hac

168 1533 390 1625 potissimum
421 1542 522 1626 parte
550 1534 680 1605 habeat
711 1533 773 1604 illc
803 1558 884 1604 cum
916 1535 1092 1628 Euripide
1122 1560 1213 1608 com·

167 1669 276 1719 mune
293 1649 470 1741 quoddam
488 1650 708 1743 cognationis
726 1649 928 1719 vinculum:
956 1673 1002 1720 cx
1020 1650 1088 1721 hac
1105 1660 1212 1744 parte,

167 1764 323 1856 inquam,
358 1766 451 1856 quod
484 1773 644 1834 versatur
676 1774 827 1856 uterque
861 1764 987 1836 lubens
1020 1767 1058 1835 in
1093 1791 1214 1838 eorum

166 1879 272 1950 rebus
296 1880 502 1970 animisque,
521 1880 579 1970 qni
606 1879 728 1949 infima
753 1887 836 1949 sunt
862 1881 1065 1951 conditione
1088 1891 1127 1951 et
1147 1882 1215 1952 for·

116 2044 121 2050 -
166 2001 264 2064 tuna.
316 1993 397 2064 Hoc
414 1994 571 2076 interest,
589 1995 684 2086 quod
702 1994 770 2065 Ille
787 2003 916 2077 noster,
928 1997 1067 2087 quotics
1084 1997 1121 2066 id
1139 2007 1214 2067 erat

166 2108 203 2177 in
223 2118 354 2192 ments,
373 2108 491 2202 potuit
515 2130 697 2202 assurgere
720 2110 756 2178 iu
782 2109 908 2180 altiora
924 2110 1117 2201 quaelibet:
1144 2111 1215 2181 Eu·

102 2233 105 2249 ²
166 2222 279 2316 ripidi,
297 2225 326 2295 si
349 2247 413 2294 nos
435 2224 542 2293 modo
567 2232 664 2293 recte
685 2225 919 2295 divinavimus
944 2226 1019 2317 ejus
1044 2235 1214 2310 mentem,

124 2413 126 2416 Α
166 2361 235 2408 non
254 2339 322 2408 alia
338 2347 465 2431 praeter
480 2338 572 2408 hanc
587 2338 729 2430 propria
744 2347 839 2409 sorte
852 2340 996 2410 obvenit
1013 2341 1214 2433 provincia3

116 2452 120 2459 ’
165 2478 294 2548 nempe
319 2464 360 2524 ut
385 2455 421 2522 in
447 2453 490 2523 iis
515 2454 718 2523 dominetur
744 2453 942 2525 animorum
967 2456 1137 2540 motibus,
1154 2457 1214 2550 qui

165 2579 291 2640 natura
314 2591 519 2640 communes
542 2576 626 2638 sunt
651 2569 809 2638 omnium
833 2571 907 2640 siva
933 2571 1119 2640 homiuum
1141 2572 1214 2642 siva

165 2686 396 2755 fortunarum.
448 2683 558 2776 Apud
577 2707 659 2754 enm
677 2684 873 2776 loquuntur
888 2708 961 2755 non
976 2693 1052 2756 tam
1070 2685 1213 2768 Medea,

166 2799 330 2883 Alcestis,
343 2800 537 2893 Iphigenia,
550 2808 699 2882 caeterae,
710 2823 814 2891 quam
829 2808 944 2870 mater
954 2799 1099 2892 quaevis,
1112 2825 1214 2884 uxor,

165 2915 257 2999 filia3
282 2917 388 2986 modo
406 2916 652 2985 vehementius
669 2938 845 3007 quamque
869 2917 1084 2986 commoveri
1110 2916 1214 2987 intel-

110 3106 112 3110 ,
166 3033 263 3127 ligae,
290 3034 351 3104 sed
377 3056 420 3103 eo
446 3043 566 3103 tamen
592 3032 731 3114 affectu,
758 3055 864 3123 quem
892 3039 1022 3102 norunt
1049 3032 1212 3113 universi,

164 3148 225 3238 qui
243 3147 383 3230 liberos,
401 3147 598 3240 conjugem,
617 3153 780 3237 parentes
797 3167 916 3214 amore
941 3154 1212 3236 prosequuntur.

166 3261 296 3354 Neque
322 3264 416 3332 enim
435 3262 637 3332 dulcissima
660 3261 732 3341 illa,
750 3260 878 3351 quibus
897 3258 1030 3330 Medea
1047 3259 1213 3330 valedicit

165 3380 282 3470 pneris
311 3379 392 3459 suis,
423 3400 573 3468 quorum
607 3377 682 3469 ipsa
708 3377 856 3468 jamjam
892 3375 1003 3444 exitio
1037 3376 1211 3458 imminet,

164 3494 356 3584 quidquam
387 3492 539 3583 sapiunt,
567 3490 662 3582 quod
692 3491 831 3582 proprie
860 3489 1037 3582 pertineat
1066 3490 1143 3559 sive
1168 3489 1212 3559 od

165 3608 373 3679 Colchidem
399 3607 473 3676 sive
500 3606 544 3676 ad
572 3628 723 3699 magam,
749 3608 824 3675 sive
850 3606 895 3675 ad
921 3615 1078 3676 atrocem
1105 3606 1212 3698 ipsius

165 3724 340 3795 indolem:
367 3731 544 3791 maternos
570 3729 722 3803 tantum,
746 3723 880 3813 opinor,
906 3743 1043 3791 amores
1068 3722 1212 3814 spirant,

165 3859 206 3906 ac
224 3837 433 3906 tenerrimos
450 3834 594 3927 quidem
605 3833 637 3903 tt

338 3971 433 4026 παῖδας
443 3973 595 4042 προσειπεῖν
605 3974 743 4041 βουλόμσι’
763 3969 826 4034 δότ’,
839 3971 859 4025 ὦ
871 3971 955 4036 τέκνα,

341 4057 393 4113 δότ’
406 4058 578 4114 ἀσπάσασθαι
589 4060 666 4129 μητρὶ
678 4057 765 4125 θεξίαν
776 4057 850 4127 χερά·

340 4143 485 4214 &pulcris-p
497 4143 565 4214 χεὶρ,
578 4145 706 4214 φελτάτον
718 4142 749 4196 δέ
758 4164 802 4211 μοι
814 4143 888 4212 κάρα,

305 4327 437 4397 ¹Hr'ppol.
454 4325 531 4397 1263.
883 4328 893 4364 t
907 4324 978 4378 Med.
995 4325 1071 4396 1065.
