2768 4876
174 315 265 377 ΜΒ.
278 337 393 378 xxvm.
438 315 570 381 Nalhtm
582 316 694 381 cubem
708 322 759 381 τοΰ
773 320 898 399 γελοίου
908 301 1023 382 oenum.
1154 313 1220 381 565

173 493 304 558 norunt
323 513 457 573 amaea,
475 491 702 561 minimarum
720 515 860 584 quoque
886 491 1038 583 partium
1049 471 1219 582 personae

173 603 355 673 vindicant
385 605 450 674 sibi
478 605 657 697 scriptoris
687 606 855 687 studium,
884 607 951 675 etsi
978 629 1048 676 non
1078 628 1150 697 par,
1177 616 1220 676 ut

172 717 286 788 simile
313 728 443 790 ta‘meu.
497 720 684 813 Nusquam
708 721 819 791 ferme
842 722 935 814 apud
959 721 1059 791 illum
1084 744 1128 790 ne
1153 721 1220 791 tria

172 833 316 925 quidam
333 838 441 906 verba
466 838 601 928 profert
625 859 687 906 seu
710 836 856 906 colonus
882 837 973 905 forte
996 844 1123 918 astans,
1144 837 1218 906 sive

171 949 285 1034 mileo,
296 973 359 1020 seu
377 973 495 1020 scurra
510 950 700 1043 popularis,
716 973 779 1021 seu
792 952 905 1042 quivis
922 949 1023 1035 alius,
1037 952 1122 1041 quin
1138 975 1220 1044 pro-

172 1068 257 1157 priae
283 1067 412 1138 indolis
437 1069 729 1161 significationem
751 1068 927 1158 quandam
954 1067 1097 1158 injiciat.
1147 1067 1219 1138 Ita-

171 1204 240 1273 que
264 1184 348 1274 jure
373 1185 526 1274 quodam
554 1182 721 1275 singulari
752 1183 920 1252 tribuitur
949 1181 1150 1272 Shakspero
1176 1206 1218 1253 ea

172 1295 255 1380 laus
282 1307 324 1367 ut
350 1299 495 1368 humani
523 1298 611 1368 nihil
639 1321 661 1399 a
687 1321 724 1367 se
751 1296 906 1366 alienum
937 1306 1059 1389 putet:
1088 1299 1218 1389 quippe

171 1414 229 1503 qui
253 1414 290 1482 in
315 1414 474 1483 omnium
492 1415 553 1505 qui
576 1414 709 1503 ubique
730 1421 855 1482 extant
875 1412 1058 1482 hominum
1077 1413 1216 1492 formas,

170 1527 321 1621 ingenia,
339 1552 455 1598 mores
478 1530 666 1598 transferre
684 1551 721 1598 se
738 1528 898 1598 noverit:
925 1529 961 1597 in
977 1528 1047 1598 hoc
1066 1528 1216 1598 Naturae

169 1641 272 1732 plane
291 1642 424 1724 similia,
443 1667 521 1735 quae
547 1644 643 1713 omni
670 1667 755 1713 cura
776 1644 909 1736 fingere
930 1643 1020 1713 solet
1038 1654 1075 1713 et
1093 1666 1215 1712 ornare

168 1779 238 1826 non
264 1781 308 1827 ea
333 1767 474 1829 tanturn
501 1759 588 1841 loca,
612 1782 690 1850 quae
715 1759 821 1852 vulgo
847 1760 892 1829 ob
918 1759 1086 1828 eximiam
1106 1781 1216 1849 quan-

166 1873 248 1943 dam
267 1873 569 1966 pulchritudinem
586 1876 795 1956 invisuntur,
810 1875 870 1944 sed
885 1884 922 1944 et
936 1876 1100 1944 obscuros
1114 1897 1216 1965 quos-

163 2011 234 2080 que
265 1988 424 2081 angulos,
451 1987 550 2057 nullo
581 2012 696 2081 neque
730 1989 813 2059 solis
842 1990 939 2059 radio
968 2012 1084 2081 neque
1111 1988 1214 2058 oculo

160 2104 373 2174 admirantis
406 2103 510 2173 facile
545 2107 749 2197 tangendos.
805 2105 941 2174 Eadem
970 2105 1108 2175 Natura
1141 2106 1215 2196 pari

159 2218 366 2302 sedulitate,
384 2228 426 2288 ut
443 2221 494 2288 ita
511 2221 635 2302 dicam,
653 2244 815 2312 proceras
841 2222 977 2290 ornavit
994 2243 1155 2311 quercus,
1173 2245 1214 2291 ae

157 2335 441 2404 minutissimum
471 2335 638 2426 quodque
672 2359 734 2405 seu
764 2337 953 2430 fungorum
979 2338 1052 2406 sive
1079 2336 1212 2408 filicum

156 2471 288 2544 genus,
315 2450 536 2519 nascentium
567 2451 659 2520 forte
690 2453 755 2522 sub
785 2454 910 2522 umbra
940 2453 1043 2547 regiae
1069 2455 1211 2524 arboris.

158 2563 291 2656 Atque
316 2565 354 2634 in
379 2564 469 2635 hanc
486 2566 633 2636 fort-asse
656 2576 793 2659 partem
815 2569 964 2660 accipiat
989 2568 1115 2660 aliquis
1141 2593 1212 2639 non

158 2679 257 2751 male
285 2681 378 2772 piam
406 2681 579 2772 majorum
609 2695 809 2753 nostrorum
837 2683 1067 2777 diligentiam,
1089 2688 1149 2777 qui
1175 2688 1212 2755 in

160 2796 392 2864 sacrosanctis
424 2795 560 2866 aedibus
594 2797 744 2866 sollicite
773 2799 942 2868 curabant
977 2799 1135 2891 exsculpi
1170 2824 1211 2871 aa

160 2910 264 3003 poliri
285 2932 423 2980 summa
442 2910 551 2980 etiam
575 2911 762 3004 laquearia,
780 2915 951 3005 posticam
969 2915 1209 2985 columnarum

161 3035 312 3117 partem,
336 3036 463 3096 caetera
488 3050 639 3119 quaeque
669 3053 691 3098 a
720 3028 800 3098 luce
825 3038 862 3098 et
889 3041 1034 3122 aspectu
1064 3041 1209 3102 remota.

163 3141 293 3224 Quare,
316 3143 377 3232 qui
404 3142 518 3212 Poeta
547 3144 703 3234 posuerit
732 3167 873 3213 onmem
905 3166 1047 3235 operam
1075 3146 1111 3214 in
1138 3170 1210 3215 uno

163 3254 237 3325 solo
254 3264 384 3337 autore,
402 3255 505 3325 illum
524 3258 725 3348 judicamus
749 3250 867 3351 effingi
894 3282 964 3327 non
989 3261 1033 3329 ad
1058 3259 1208 3332 Naturae

163 3369 223 3439 sed
241 3370 287 3439 ad
304 3369 388 3439 artis
405 3352 553 3461 alicujus
574 3394 745 3441 normam.
797 3370 858 3439 An
877 3372 1014 3440 veroin
1033 3372 1208 3464 Sophocle

162 3493 283 3554 nostro
317 3482 434 3553 locum
466 3485 595 3554 babeat
625 3509 667 3555 ea
697 3487 881 3567 dubitatio,
907 3487 1069 3576 judicent
1101 3489 1206 3558 velim

161 3601 347 3670 acutiores.

210 3713 307 3784 lllud
325 3714 473 3784 addam:
500 3716 558 3806 qui
578 3713 979 3808 Scriptores'potuerint
1003 3741 1041 3787 se
1065 3740 1206 3809 compo-

160 3849 243 3898 nere
261 3829 307 3897 ad
323 3851 465 3898 omnem
482 3853 622 3920 prorsus
640 3832 797 3898 omnium
815 3831 1012 3900 animorum
1030 3831 1204 3913 habitum,

160 3963 353 4032 omnesque
370 3941 517 4013 affectus
526 3966 664 4034 ;-quae
684 3945 822 4035 propria
842 3945 953 4015 ferme
971 3956 1008 4014 et
1026 3944 1215 4016 excellens>

159 4054 235 4125 laus
257 4063 313 4125 est
336 4053 526 4149 Shaksperi
549 4060 643 4150 apud
667 4082 739 4140 nos,
757 4061 851 4150 apud
870 4060 1015 4130 Graecos
1034 4060 1204 4144 Homeri;

160 4169 284 4239 -lieri
302 4171 361 4239 vix
379 4172 505 4264 potuit,
525 4173 606 4264 quia
629 4173 736 4241 iidenr
753 4174 878 4265 saepius
895 4176 930 4243 in
950 4175 1041 4246 levia
1058 4185 1095 4245 et
1113 4176 1203 4246 ludi·

160 4306 220 4354 cra
247 4285 453 4370 inciderent,
482 4288 556 4379 ipso
582 4288 864 4380 gravissimorum
894 4300 1092 4382 temporum
1121 4294 1205 4360 arti-
