2768 4876
129 363 231 404 lnxn.
244 363 342 405 xxxv.
372 342 582 426 Asopos-iorum
595 350 761 404 nostrorum
776 341 813 405 dc
824 340 967 404 Lucretio
981 340 1037 404 cis.
1125 339 1190 408 697

146 512 239 580 omni
256 511 392 581 ratione
410 513 593 594 amentiae;
617 535 693 604 quae
710 513 821 580 sitris
838 512 914 602 ejus
930 512 965 578 in
984 535 1022 580 re
1040 514 1188 603 poetica,

143 626 337 716 quibusque
354 649 397 695 ea
413 627 569 696 maxime
587 627 750 695 remediis
764 635 801 694 ct
816 624 1059 696 allevamentis
1077 626 1188 696 soleat

142 741 304 810 acerbum
324 742 377 810 sui
395 763 536 810 sensum
553 743 726 834 mitigare.
759 740 922 832 Denique
937 743 1064 811 ineam
1081 765 1188 833 prope

142 856 397 925 dubitationem
415 857 612 938 incidimus,
630 880 674 927 an
693 858 850 948 quaedam
869 857 961 949 apud
981 856 1186 927 Lucretium

142 970 328 1038 tribuenda
350 981 468 1038 essent
493 971 665 1061 potentiae
691 970 877 1062 plusquam
900 972 1081 1042 humanae:
1110 996 1187 1063 quaa

141 1085 207 1153 fuit
235 1085 319 1153 olim
342 1085 472 1176 opinio,
497 1094 574 1153 tum
602 1086 646 1154 de
672 1086 813 1169 insanis,
835 1087 863 1155 si
882 1087 966 1177 quid
985 1087 1041 1156 via
1066 1110 1107 1156 ac
1133 1111 1186 1156 ra-

142 1199 239 1267 tione
256 1198 360 1269 solito
377 1199 568 1291 perfectius
591 1201 897 1292 excogitavissent‚
918 1209 993 1268 turn
1016 1201 1125 1269 etiam
1143 1201 1188 1271 de

144 1312 374 1384 Ethnicarum
396 1315 577 1384 literarum
599 1323 636 1384 et
659 1316 775 1406 impiae
800 1314 1028 1406 philosophia
1045 1315 1188 1385 cultori-

143 1429 216 1499 bus.
267 1429 428 1499 Credidit
446 1430 559 1522 prisca
576 1438 670 1514 retas,
689 1431 829 1521 utrique
846 1431 966 1523 generi
983 1431 1097 1500 inesse
1116 1431 1187 1498 vim

142 1545 294 1637 aliquam
320 1569 493 1628 arcanam,
518 1548 591 1616 sive
613 1548 657 1615 de
676 1545 819 1638 Superis
841 1569 883 1614 ea
901 1547 1045 1626 venerit,
1063 1568 1124 1614 seu
1143 1546 1188 1615 de

143 1659 277 1730 Inferis
329 1661 511 1753 Concepta
532 1685 614 1731 vero
640 1661 750 1731 semel
777 1685 819 1731 ea
850 1662 1034 1740 sententia,
1061 1662 1188 1730 videtis

142 1776 273 1867 utique,
300 1779 428 1846 mutari
454 1778 548 1847 ultro
576 1801 616 1846 ac
647 1778 748 1846 leniri
780 1800 901 1846 eorum
924 1777 1109 1867 judicium,
1128 1777 1188 1867 qui

142 1891 223 1962 alias
257 1891 474 1975 Lucretium,
501 1893 645 1983 pietatis
674 1915 789 1974 causa,
821 1914 866 1961 ne
896 1891 1085 1984 legendum
1112 1892 1188 1981 qui-

142 2005 220 2075 dem
240 2007 496 2077 existimarent.
543 2005 638 2077 Nam
656 2007 725 2078 alia
742 2008 858 2100 longe,
877 2009 1009 2099 opinor,
1026 2019 1081 2076 est
1098 2008 1188 2076 ratio

141 2123 295 2212 procacis
321 2131 359 2192 et
386 2124 502 2214 impiae
532 2123 734 2193 mortalium
762 2124 901 2216 linguae,
926 2122 1099 2214 quidlibet
1124 2144 1188 2212 pro

142 2247 300 2329 ternpore
323 2240 574 2331 garrientium
600 2239 669 2309 alia
685 2240 829 2331 benigni
848 2238 1025 2319 Numinis,
1041 2238 1188 2308 obscure

140 2355 312 2424 tradentis
329 2355 501 2446 optimam
520 2355 603 2424 vitae
623 2356 726 2436 viam,
745 2376 831 2423 voce
848 2353 904 2422 vel
925 2354 1114 2422 insciorum
1133 2353 1188 2423 vel

141 2469 249 2538 etiam
266 2469 500 2539 inimicorum.

196 2583 295 2654 Nolo
324 2593 446 2654 autem
478 2586 659 2656 existimet
693 2585 827 2676 aliquis,
858 2586 1013 2677 pendere
1047 2586 1189 2676 penitus

134 2707 297 2768 'nostram
315 2701 359 2769 de
379 2699 546 2769 Lucretio
565 2701 778 2769 sententiam
802 2723 847 2768 ex
868 2699 1069 2791 hujusmodi
1087 2721 1190 2790 argu-

140 2817 280 2886 mentis.
337 2815 582 2886 Concedamus
612 2817 733 2908 inepta
758 2816 866 2885 fuisse
892 2823 929 2883 et
959 2815 1084 2894 inania,
1112 2837 1190 2905 quae

142 2952 205 3000 nos
222 2931 425 3023 conjectura
442 2954 562 3001 sumus
584 2933 745 3024 augurati
765 2931 820 2999 vel
838 2932 882 3000 de
900 2930 1065 3010 alienata,
1083 2951 1189 3019 quarn

142 3047 478 3137 perhibent,u1ente
497 3047 696 3139 Scriptoris,
714 3047 770 3116 vel
789 3056 884 3117 certe
909 3047 953 3115 de
979 3046 1088 3115 tacita
1105 3068 1190 3135 qua·

143 3162 224 3232 darn
258 3164 320 3232 sed
351 3164 470 3233 divina
500 3165 544 3245 vi,
575 3163 715 3232 oracula
750 3186 812 3232 sua
842 3163 1022 3231 fundentis
1053 3184 1098 3230 ex
1129 3183 1190 3229 ore

142 3277 349 3345 amentium.
408 3274 520 3346 Missa
545 3277 714 3345 faciamus
745 3277 819 3346 haec
845 3286 1006 3367 utraque,
1033 3275 1190 3344 manebit

144 3398 265 3460 tamen
288 3391 483 3460 carminum
508 3390 663 3461 indoles:
690 3392 793 3483 plane
812 3395 903 3461 sicut
920 3393 957 3459 in
974 3414 1016 3460 ea
1038 3389 1191 3481 philoso-

144 3505 238 3596 phiae
256 3514 365 3597 parte,
383 3529 461 3598 quae
478 3509 633 3598 pertinet
650 3508 829 3578 admotus
851 3507 1014 3587 siderum,
1034 3507 1107 3574 sive
1123 3505 1190 3575 hac

144 3623 253 3690 utaris
270 3623 343 3691 sive
360 3623 422 3702 illa
444 3624 592 3706 ratione,
611 3625 704 3714 quod
722 3624 766 3692 ad
784 3624 854 3691 vim
873 3645 995 3692 eorum
1019 3621 1191 3690 latentem

145 3759 334 3827 causasque
362 3739 502 3820 attinet,
533 3761 594 3808 seu
625 3739 777 3829 denique
811 3761 920 3829 ponas
949 3738 986 3805 in
1016 3737 1122 3806 dubio
1153 3748 1190 3805 et

144 3850 291 3933 incerto,
308 3874 379 3940 quo
397 3875 494 3920 more
512 3851 602 3920 solet
624 3852 779 3920 maxima
796 3875 874 3942 pars
892 3852 1096 3932 hominum3
1120 3874 1191 3919 non

145 3973 264 4034 tamen
299 3966 428 4035 idcirco
463 3966 660 4056 putandum
691 3976 754 4047 est,
784 3990 902 4035 carere
937 3976 973 4035 te
1009 3966 1104 4035 omni
1139 3968 1190 4034 in-

146 4079 344 4172 telligentia
368 4080 639 4172 pulchritudinis
663 4081 768 4173 hujus
794 4083 976 4164 universas,
1008 4092 1045 4152 et
1075 4086 1190 4152 arcani

147 4217 262 4263 rerum
293 4196 505 4264 naturalium
536 4217 668 4265 sensus.
727 4195 834 4265 Haud
865 4198 933 4266 alia
963 4199 1108 4267 fortasse
1139 4223 1192 4268 ra-

147 4309 241 4385 tione
259 4310 335 4388 fieri
353 4312 495 4408 poterit,
514 4311 631 4401 utqui
650 4310 705 4379 vel
724 4311 816 4402 apud
838 4313 1042 4383 Lucretium
1062 4315 1192 4407 signifi-
