2768 4876
166 313 232 373 580
343 312 392 375 Dc
407 306 569 392 salerno
583 310 618 374 in
630 309 754 375 monica
768 293 941 395 diligentia.
993 333 1094 374 rann.
1108 332 1221 372 xxvm.

168 483 261 552 eninr
284 484 436 573 pietate3
462 491 559 552 caret
579 480 839 563 misericordia3
865 490 962 550 caret
979 479 1125 563 affectu,
1143 480 1219 550 dul·

167 597 305 667 sissimo
333 599 476 688 quidem
510 597 583 679 illo,
619 621 689 688 quo
724 596 897 690 Virgilius
926 599 1094 688 prosequi
1129 596 1218 666 solet

166 715 311 782 miseros
328 723 435 804 atque
453 736 562 806 aegros
579 714 757 782 mortales.

218 827 326 896 Porro
352 852 467 919 noque
492 829 581 898 illud
605 830 789 898 omittam:
817 830 969 922 viguisse
988 828 1215 921 Sophoclem,

166 952 207 1011 ut
237 945 297 1033 qui
332 946 500 1027 maxime,
529 946 571 1013 iis
601 967 681 1035 quae
715 944 759 1013 ad
794 946 974 1014 scenicum
1005 954 1214 1037 apparatum

166 1060 364 1150 pertinent:
395 1084 472 1150 quae
498 1083 553 1129 res
579 1083 685 1151 quam
712 1058 848 1130 lubrico
875 1063 911 1128 in
939 1060 1019 1130 loco
1047 1068 1215 1140 versetur,

166 1198 342 1265 quamque
369 1199 476 1267 prope
502 1177 638 1246 absita
661 1174 812 1245 molesta
837 1176 1049 1246 histrionum
1067 1175 1215 1268 diligen·

166 1293 226 1372 tia,
257 1315 328 1360 non
354 1294 421 1360 erit
447 1314 510 1361 cur
537 1292 674 1384 longius
697 1314 884 1382 exponam.
937 1290 1083 1361 Dicitur
1105 1291 1212 1360 etiam

166 1410 353 1501 AEsohylus
395 1411 535 1479 auxisse
577 1409 699 1478 multis
741 1409 899 1500 partibus
935 1411 1212 1479 instrumentum

61 1614 64 1620 .
166 1525 305 1594 theatri.
359 1524 429 1595 Sed
454 1525 583 1606 videto,
609 1547 714 1616 quam
740 1524 776 1592 in
803 1525 879 1593 istis
904 1525 1014 1593 etiam
1038 1525 1213 1593 evaserint

165 1649 315 1730 uterque
350 1641 403 1709 sui
438 1639 571 1710 similis.
628 1638 772 1730 Nempe
802 1637 1000 1730 AEschylus‚
1031 1639 1069 1707 ni
1102 1638 1213 1720 fallor,

166 1753 311 1844 Tragisa
334 1775 396 1843 pro
416 1753 550 1844 Lyricis
572 1753 705 1844 primus
730 1753 877 1832 invexit,
894 1752 1043 1843 repertis
1067 1752 1120 1832 iis,
1138 1773 1214 1842 quae

166 1867 221 1934 vel
243 1890 372 1958 genere
391 1867 446 1936 vel
470 1890 618 1936 numero
642 1890 757 1937 seenae
781 1866 989 1958 simpliciter
1005 1875 1044 1936 et
1060 1867 1214 1960 graviter

166 1983 328 2051 ornanda
346 1983 556 2052 sufficerent.
607 1982 799 2074 Sophocles
816 1982 959 2052 tertiam
976 1983 1120 2052 induxit
1137 2004 1215 2074 per-

165 2120 296 2178 sonam,
315 2098 411 2189 pingi
430 2098 565 2167 curavit
583 2121 735 2181 scenam,
753 2107 878 2189 quarta
902 2107 1004 2191 parte
1024 2119 1212 2169 numerum

166 2212 422 2281 Choreutarum
446 2213 566 2296 auxit;
594 2236 741 2305 quarum
769 2213 928 2282 omnium
953 2237 1072 2284 rerum
1098 2236 1143 2282 ea
1163 2213 1214 2281 vis

165 2337 250 2407 erat,
268 2336 309 2397 ut
330 2327 493 2420 voluptas
516 2329 633 2420 aliqua
657 2338 753 2398 certe
779 2350 825 2397 ex
851 2337 951 2420 parte
975 2330 1146 2422 migraret
1169 2350 1214 2397 ex

164 2445 307 2514 auribus
331 2446 368 2513 in
395 2444 526 2515 oculos.
579 2444 695 2514 Immo
723 2447 830 2515 etiam
857 2446 958 2515 aiunt
984 2468 1068 2515 eum
1094 2444 1216 2514 dedita

165 2583 270 2650 opera
304 2561 480 2650 scripsisse
514 2560 692 2630 interdum
723 2559 924 2652 Tragoedias
953 2557 1016 2628 tali
1052 2559 1216 2642 formula,

164 2699 241 2765 quae
275 2675 357 2743 huic
385 2674 442 2743 vel
472 2673 525 2742 illi
554 2674 715 2744 histrioni
748 2676 970 2765 potissimum
998 2675 1214 2743 conveniret.

44 2818 47 2825 ·
165 2790 269 2873 Quod
305 2792 331 2859 si
368 2813 431 2882 per
459 2799 601 2882 tempus
632 2791 746 2872 liceat,
777 2791 907 2882 possim
941 2789 1057 2860 multa
1090 2812 1137 2859 ex
1172 2813 1214 2860 eo

74 2918 77 2921 '
165 2906 405 2997 referrequae
431 2907 466 2974 ni
494 2906 604 2975 oculis
635 2907 882 2996 adspicientur'
900 2905 1072 2974 carebunt
1102 2905 1215 2979 ferme

164 3043 227 3090 sua
245 3022 298 3089 vi:
325 3022 484 3111 quamvis
502 3024 577 3113 ipse
595 3023 749 3091 fateatur
766 3020 987 3102 Aristoteles,
1005 3028 1064 3101 τῆς
1080 3050 1216 3117 τραγῳ-

165 3135 232 3211 δίας
249 3134 376 3218 δύναμιν
394 3135 470 3205 εἶναι
493 3135 564 3205 ἄνευ
581 3136 705 3228 ἀγῶνος
725 3137 776 3205 καὶ
799 3138 993 3230 ὑποκριτῶν.
1045 3135 1100 3206 At
1126 3139 1215 3207 scire

164 3252 281 3333 velim,
299 3234 467 3343 quorsum
487 3251 587 3334 illud,
606 3253 699 3343 quod
718 3253 952 3321 induciturin
971 3251 1114 3322 Electra
1133 3253 1215 3346 Gly-

165 3377 376 3438 taemnestrae
406 3370 510 3436 modo
541 3369 663 3438 occisae
691 3360 848 3436 velatum
878 3390 1016 3458 corpus,
1042 3376 1213 3459 tanquam

165 3481 300 3552 Orestis
312 3460 330 3564 3¹
356 3507 425 3573 quo
456 3485 608 3575 primum
643 3484 819 3574 decipitur
846 3482 974 3551 deinde
1008 3482 1214 3574 percellitur

164 3597 355 3690 AEgisthus.
394 3599 571 3682 Quorsum
589 3599 798 3689 poenitentia
810 3597 932 3689 Ajacis
950 3597 1127 3680 simulata,
1139 3621 1215 3669 sera

164 3719 241 3781 turn
260 3713 443 3804 Dejanirae‚
458 3722 535 3782 tum
554 3711 740 3782 Creontis?
777 3712 872 3795 Quid
890 3710 985 3781 aliud
1004 3712 1069 3782 sibi
1087 3712 1213 3783 volunt

165 3831 407 3899 conversiones
438 3830 618 3920 ejusmodi,
649 3828 716 3897 nisi
747 3837 789 3896 ut
819 3827 926 3897 animi
957 3850 1020 3896 seu
1050 3838 1213 3920 spectan-

165 3944 255 4014 tium
273 3969 334 4014 seu
352 3946 464 4037 primo
482 3945 677 4036 legentium
696 3951 886 4012 teneantur
902 3941 1055 4012 arrecti?
1098 3943 1212 4013 Perti·

165 4070 252 4130 nent
269 4063 336 4131 ista
352 4084 491 4154 prorsus
508 4063 553 4130 ad
571 4061 762 4140 theatrum,
779 4082 851 4128 non
868 4060 912 4128 ad
930 4060 1150 4151 scriptorem.

216 4175 321 4258 Quid,
339 4178 432 4267 quod
455 4176 613 4254 videmus
639 4175 826 4266 aliquando
852 4176 889 4243 in
915 4197 1058 4244 scenam
1078 4174 1214 4266 Sopho·

166 4292 276 4362 cleam
303 4295 400 4362 mitti
426 4316 496 4362 non
522 4292 636 4361 solum
656 4293 775 4362 odiosa
793 4315 913 4362 verum
933 4293 1042 4360 etiam
1067 4291 1211 4361 infanda
