2768 4876
10 360 15 391 ,
128 332 335 377 raanmxxrv.
369 311 538 397 Congrum
552 333 590 375 oa
603 332 671 376 oum
685 311 750 395 syba
762 312 933 375 munitam
947 321 1053 376 tenore.
1108 312 1176 380 687

127 491 257 554 norunt
281 504 403 555 omnes
429 484 505 554 lieri
532 506 642 576 posse,
660 485 777 575 utqui
800 483 856 553 vel
879 484 984 553 certis
1007 486 1175 576 tempori-

125 596 200 680 bus,
219 599 280 669 vel
304 600 342 669 in
362 622 434 668 nno
459 598 577 690 aliquo
600 621 740 692 genere,
759 599 933 690 desipiant
953 622 994 668 ac
1012 599 1174 681 delirent,

116 710 233 782 iidem
262 710 332 782 alia
352 710 408 782 vel
435 713 522 782 hora
545 712 602 782 vel
626 714 775 783 materia
800 734 978 782 sermones
1003 723 1175 804 usurpent

110 828 286 920 sapiente
311 829 385 896 viro
411 816 642 921 dignissimos.
694 828 811 898 Immo
839 829 957 909 etiam,
982 831 1174 898 maximam

106 953 277 1035 partem,
303 944 414 1036 ipsam
449 943 547 1012 illam
581 943 708 1014 furoris
743 943 796 1013 sui
826 944 925 1033 quasi
959 945 1174 1034 provinciam

103 1061 177 1130 via
207 1067 247 1128 et
273 1060 403 1141 ordine,
422 1080 543 1129 severe
569 1081 610 1128 ac
633 1058 744 1128 solide
768 1066 933 1128 tractant.
985 1058 1088 1129 Adeo
1114 1083 1177 1130 sae·

100 1175 204 1265 pius
227 1155 321 1244 'cum
354 1175 491 1243 ratione
525 1174 582 1261 (ut
613 1175 756 1267 dicitur)
790 1174 969 1244 insaniunt
1002 1173 1174 1243 homines.

104 1287 311 1360 Concedas
335 1289 441 1359 modo
465 1290 676 1382 principium
694 1298 732 1358 et
748 1299 857 1382 caput
874 1291 1009 1371 erroris,
1027 1311 1176 1379 sequen·

103 1413 183 1475 tur
210 1404 280 1474 alia
304 1405 423 1474 omnia
447 1400 510 1474 suo
532 1427 683 1495 quaeque
709 1404 797 1486 loco,
816 1405 1051 1496 pulcherrima
1076 1406 1177 1484 serie,

106 1520 352 1592 callidissima
361 1522 541 1613 junctura.
586 1520 704 1603 Quare
721 1545 792 1590 non
809 1521 877 1589 erit
895 1545 958 1590 cur
975 1520 1177 1590 incredulus

104 1635 275 1707 miretur
291 1637 425 1730 aliquia,
443 1639 595 1708 insanire
613 1638 673 1729 qui
692 1646 765 1706 tam
785 1639 927 1730 egregie
950 1659 1014 1706 sua
1031 1636 1178 1706 rationi-

112 1755 193 1824 bus
210 1760 250 1824 et
267 1755 484 1847 argumentis
501 1753 697 1823 confirmat.

176 1869 330 1951 Deinde,
348 1869 442 1960 quod
461 1867 558 1937 nulla
583 1890 739 1958 unquam
757 1869 895 1961 εἰρωνείᾳ
917 1871 1012 1959 (quae
1031 1868 1175 1954 dicitur)

116 1985 301 2080 gandeat3
330 1984 420 2054 nihil
449 1994 533 2077 agat
562 2006 645 2053 cum
675 1983 760 2053 ludo
787 1995 894 2076 atque
918 1985 1011 2074 joco,
1042 1984 1079 2052 in
1109 1984 1178 2053 hoc

118 2123 267 2195 prorsus
293 2099 436 2194 Virgilii
462 2098 663 2183 dissimilis3
697 2099 785 2169 nihil
812 2100 1017 2169 dubitanter
1043 2099 1177 2181 afferat,

121 2217 215 2287 nihil
234 2217 452 2298 verecunde;
479 2216 564 2308 quin
589 2217 695 2286 rebus
721 2218 876 2286 maxime
902 2218 1046 2296 arcanis,
1064 2225 1100 2285 et
1124 2239 1178 2284 re-

125 2333 236 2403 motis
269 2355 315 2401 ex
349 2332 533 2401 hominum
568 2353 682 2413 sensu,
717 2331 893 2413 adhibeat,
929 2335 1096 2423 tanquam
1131 2356 1177 2401 ex

128 2450 246 2540 adth
262 2446 421 2540 magistri
445 2446 571 2516 effata:
598 2447 635 2517 id
652 2469 735 2517 vero
760 2470 865 2515 omne
887 2469 999 2540 genus
1020 2448 1073 2518 ita
1095 2472 1178 2518 con-

128 2566 237 2648 venit,
249 2572 290 2632 ut
303 2561 391 2633 nihil
408 2564 531 2656 magis,
543 2585 622 2632 curn
642 2570 789 2632 statuet
806 2563 963 2632 moribus
980 2586 1101 2632 eorum
1117 2564 1177 2653 qui

131 2687 252 2750 mente
269 2688 353 2748 sunt
370 2680 478 2770 capti.

178 2796 261 2866 Jam
287 2804 409 2864 autem
434 2816 607 2886 ponamus
632 2794 807 2866 laborasse
833 2817 875 2863 eo
901 2793 1024 2863 morbo
1045 2794 1179 2862 Lucre-

133 2913 240 2982 tium:
269 2907 422 2992 docebit,
449 2912 587 3001 opinor,
613 2910 811 2980 communis
841 2909 1023 2977 hominum
1056 2932 1180 2979 sensus

131 3037 301 3120 quantum
318 3025 435 3096 valeat
457 3049 501 3096 ea
521 3049 577 3096 res
600 3028 644 3096 ad
667 3026 926 3116 impetrandam
944 3027 1037 3116 apud
1055 3048 1179 3093 omues

130 3144 278 3223 reniam,
305 3151 383 3211 tum
414 3141 460 3212 ob
487 3140 556 3211 alia
582 3143 713 3233 quaevis
741 3150 897 3232 peccata,
928 3150 1005 3209 turn
1037 3143 1082 3210 ob
1111 3142 1178 3208 irn-

130 3280 270 3329 manem
297 3279 437 3348 quoque
462 3258 658 3326 doctrinam
684 3264 722 3325 et
748 3256 940 3347 impietatis
966 3256 1176 3346 propiorem.

131 3374 227 3445 Nam
249 3382 287 3443 et
312 3373 587 3442 misericordiam
614 3371 735 3451 allicit,
763 3379 800 3440 et
827 3371 1066 3461 conjecturam
1092 3370 1177 3439 facit

129 3487 346 3569 nonnullam,
376 3509 447 3556 non
477 3496 602 3578 sponte
633 3487 693 3557 sed
722 3487 796 3556 fato
827 3486 979 3577 quodam
1015 3509 1179 3577 peccasse

131 3605 322 3689 hominem.

179 3718 325 3792 Vellem
343 3719 509 3808 equidem
533 3717 609 3786 haec
633 3728 754 3786 nostra
774 3718 945 3785 memoria
963 3725 1097 3786 careret
1115 3739 1179 3784 ex-

132 3833 268 3928 emplis
293 3856 371 3924 quae
398 3833 434 3901 in
461 3833 553 3902 hanc
581 3855 656 3901 rem
688 3842 831 3923 possent
860 3831 985 3901 afferri.
1038 3831 1108 3901 Sed
1140 3833 1176 3900 iu

132 3958 298 4043 promptu
316 3957 399 4019 sunt
415 3954 543 4016 rnoesta
559 3955 666 4038 atque
684 3970 822 4039 magna.
863 3946 1045 4027 Nondum,
1061 3947 1177 4027 credo,

133 4060 252 4133 sumtis
269 4062 370 4131 obliti
389 4061 542 4153 primarii
560 4060 655 4130 illius
673 4071 746 4130 tam
764 4083 893 4153 genere
911 4084 1015 4151 quarn
1034 4061 1179 4152 ingenio

133 4177 206 4260 viri,
224 4177 295 4268 qui,
309 4177 414 4267 ¹nobis
431 4175 725 4257 adolescentibus
741 4177 891 4266 poeticae
912 4176 996 4243 artis
1022 4174 1176 4265 palmam

133 4293 296 4373 omuibus
311 4293 422 4361 ferme
439 4293 660 4384 praeripuisse
678 4300 732 4360 est
747 4293 945 4381 judicatus.¹
990 4290 1176 4359 Fervidarn
