2768 4876
214 319 273 378 822
427 320 616 378 MONI’I'UM
635 322 688 377 DE
706 322 836 378 PERSIS
854 323 1043 382 AESCHYLI.

212 490 279 528 rsrs.
313 471 422 535 contro,
434 489 519 543 quum
530 471 644 535 Atossoe,
658 470 794 543 Denique,
806 479 833 524 et
845 470 941 525 Xerxis
952 489 1073 539 personae
1085 471 1261 537 inducuntur,

212 558 352 614 trochaicis
370 557 491 611 versibus
510 575 608 627 magua
628 574 660 610 er
681 565 756 627 purte
774 557 804 611 fit
823 575 919 612 sermo.
958 557 991 610 Iu
1007 558 1108 611 facetiis
1126 567 1217 612 autem
1236 567 1261 612 et

209 645 287 717 jocis,
297 651 425 714 curtoque
436 650 463 695 et
474 641 583 696 incitato
596 642 629 696 de
640 643 783 696 levioribus
796 643 876 696 rebus
889 644 1030 715 colloquio,
1039 643 1080 698 vis
1092 652 1134 698 est
1147 643 1260 698 trochae-

213 748 291 785 orum
303 729 438 799 proecipua
449 737 475 782 et
487 746 563 797 paene
575 728 690 798 propria.
727 727 871 798 Propterea
882 728 1006 783 admirari
1017 730 1113 801 aliquis
1123 731 1185 801 jure
1198 748 1260 799 pos·

214 819 257 882 sit,
276 818 349 890 quod
367 818 395 870 iu
415 816 501 870 Persis
521 817 539 869 ii
558 817 605 887 qui
626 816 763 886 primarias
782 825 869 886 partes
888 826 980 887 agunt,
998 826 1025 871 et
1043 816 1076 870 de
1093 817 1217 870 maximis
1235 826 1261 871 et

214 904 369 957 miserrimis
391 903 471 956 rebus
493 903 574 956 verba
595 902 704 966 faciunt,
727 901 868 957 trochaicis
890 903 1008 956 numeris
1030 912 1141 957 utantur
1152 904 1261 966 ;—nisi

214 989 281 1044 forte
295 1006 401 1042 mecum
418 989 523 1052 sentiat,
536 987 564 1042 id
581 1006 687 1042 summo
703 987 791 1042 Poetae
807 989 916 1042 artificio
933 997 960 1042 et
976 989 1086 1042 consilio
1103 989 1218 1052 stetisse,
1231 997 1262 1042 ut

213 1094 261 1146 per
277 1093 402 1129 numeros
418 1076 494 1129 luctu
512 1092 567 1128 non
585 1087 762 1145 congruentes
781 1074 966 1144 mitigarentur
983 1075 1149 1129 auditoribus
1167 1092 1260 1129 omnes

213 1162 308 1232 tragici
319 1170 345 1215 et
357 1161 473 1216 luctuosi
491 1161 611 1225 affectus,
624 1170 703 1232 atque
715 1179 801 1215 unum
813 1160 936 1233 idemque
947 1160 1114 1232 propositum
1127 1163 1260 1225 carminis,

214 1247 247 1303 ab
267 1248 343 1302 initio
363 1265 449 1319 usque
469 1247 504 1302 ad
524 1247 614 1311 finem,
627 1248 684 1301 sine
704 1247 791 1303 turbis
811 1258 858 1303 aut
875 1248 1093 1304 conversionibus
1115 1258 1162 1303 aut
1179 1251 1261 1324 nimia

214 1333 402 1397 misericordia,
415 1341 567 1388 constanter
578 1334 755 1388 servaretur.”
