2768 4876
185 327 251 388 500
414 325 579 389 Musarum
593 324 681 409 apud
693 324 871 388 Pindarum
884 325 1010 403 itinera,
1053 330 1150 389 redu.
1160 348 1235 389 xxv.

309 493 448 556 θεσπείαν,
460 492 555 564 Γραῖάν
566 516 603 557 τε,
616 494 657 547 καὶ
670 493 811 564 εὐρύχορον
824 493 1011 563 Mundi-pauor,

309 576 343 631 Οἵ
352 577 374 633 τ’
386 577 451 650 ἀμφ’
461 577 538 649 Ἅρμ’
551 579 670 649 ἐνέμοντο
682 579 724 632 καὶ
736 578 859 634 Εἰλέσιον
870 580 912 633 καὶ
922 577 1057 650 Ἐρύθρας·

185 714 267 760 cum
285 692 408 761 multis
426 692 513 762 aliis.

235 802 290 874 Αο
308 805 422 876 fateor
439 808 603 897 equidem
629 807 753 888 libens,
772 807 959 877 Graiorum
986 809 1128 878 auribus
1152 809 1232 879 ideo

184 921 339 990 maxime
364 920 537 1012 placuisse
561 922 733 1013 ejusmodi
760 925 914 1003 nomina,
932 923 1026 1013 quod
1044 932 1146 994 erant
1165 925 1232 1016 ipsi

184 1035 340 1105 locorum
367 1035 458 1105 bene
489 1038 605 1127 periti,
633 1038 742 1104 immo
769 1059 849 1106 suas
874 1036 1063 1128 aliquando
1090 1036 1147 1107 vel
1172 1060 1232 1131 pa·

184 1151 268 1220 trias
287 1150 343 1220 vel
361 1152 484 1220 domos
500 1151 749 1243 agnoscebant.
802 1151 873 1220 Sed
895 1159 1016 1220 tamen
1036 1150 1103 1220 hac
1121 1153 1230 1222 etiam

182 1271 308 1347 aetate,'
324 1273 362 1334 et
383 1265 477 1357 apud
504 1288 579 1346 noe,
606 1266 748 1358 regione
775 1265 864 1335 adeo
889 1275 1054 1350 remotos,
1079 1267 1231 1336 arbitror

181 1378 379 1449 istiusmodi
414 1379 582 1450 formulas
612 1381 757 1448 minime
787 1403 905 1450 carere
936 1403 999 1451 sua
1029 1380 1227 1451 dulcedine.

182 1495 329 1565 Nedum
357 1495 509 1587 frigeant
544 1495 689 1564 exordia
722 1493 792 1575 illa,
826 1494 994 1585 praeclare
1027 1496 1228 1568 aPindaro

181 1609 416 1702 comparata&

320 1755 340 1810 di
352 1757 443 1809 πότνια
455 1755 552 1817 Μοῖσα,
564 1756 644 1822 μᾶτερ
656 1751 776 1822 ἁμετέρα,
787 1753 917 1824 λίσσομαι

320 1840 366 1894 τόν
376 1837 522 1906 πολίξεναν
533 1837 561 1892 ἐν
573 1836 702 1909 ἱερομηνίᾳ
714 1836 825 1906 Νεμεάδι

319 1924 372 1979 ίκεο
384 1923 486 1994 Δὼριδα
503 1925 583 1978 νᾶσον
594 1922 707 1994 Αίγίναν
729 1920 802 1976 ὕδατι
819 1924 870 1994 γὰρ
885 1922 983 1993 μένοντ’
996 1923 1035 1978 ἔπ’
1046 1923 1171 1998 Ἀσωπίῳ
1182 1947 1227 1995 με·

353 2008 484 2081 λιγαρῦων
495 2007 612 2065 τέκτονες

318 2099 408 2166 κώμων
420 2095 522 2158 νεανίαι,
536 2093 614 2149 σέθεν
625 2093 677 2149 ὅπα
687 2095 828 2164 μαιόμενοι.

179 2223 321 2297 Videtis
354 2228 429 2298 haec
463 2226 655 2318 simplicius
689 2228 863 2296 enarrari:
905 2226 1031 2296 chorus
1058 2227 1225 2298 videlicet

176 2340 423 2412 Thebanorum
440 2344 614 2434 juvenum
632 2342 767 2433 patitur
783 2364 899 2411 moras
915 2343 953 2410 in
971 2343 1038 2423 via,
1055 2342 1224 2435 AEginam

176 2476 306 2538 versus,
324 2479 435 2546 usque
452 2479 495 2525 eo
513 2456 599 2524 dum
626 2456 792 2524 adveniat
810 2454 929 2535 Musa,
948 2456 1022 2525 dux
1038 2463 1076 2524 et
1099 2458 1225 2526 carmi·

175 2569 229 2638 nis
251 2580 289 2639 et
308 2571 464 2654 itineris3
491 2592 547 2640 res
565 2579 686 2640 autem
703 2572 760 2640 vel
778 2571 889 2641 oculis
912 2571 1105 2663 subjicitur,
1123 2594 1224 2641 men·

174 2682 272 2750 tione
289 2682 383 2753 facta
400 2685 554 2777 riparum
573 2683 696 2776 Asopi.

225 2796 410 2868 interdum
443 2800 531 2869 mari
566 2821 707 2891 quoque
737 2797 888 2880 vehitur,
922 2797 1065 2866 musicis
1099 2805 1222 2869 tamen

173 2912 287 2981 modis
304 2912 561 3006 obtemperem,
575 2913 734 2983 chorea:
757 2911 857 2981 velut
875 2914 919 2981 ad
934 2912 1112 2996 Rhodum,
1129 2914 1222 2985 cele-

172 3025 315 3097 bratura
331 3026 494 3121 Diagorae
511 3028 665 3119 palmam
676 3037 703 3096 ¹¹.

310 3168 407 3223 ἂλλοτε
418 3168 440 3223 δ’
453 3169 536 3225 ἄλλον
548 3169 684 3226 ἐποπτεύει
695 3171 772 3241 χάρις
785 3171 935 3239 ζωθάλμιος,
948 3170 1070 3240 ἁδυμελεῖ

311 3253 379 3324 θόμα
389 3255 437 3323 μὲν
448 3253 588 3328 φόρμιγγι,
599 3257 769 3326 παμφώνοισί
781 3255 802 3311 τ’
816 3256 844 3310 έν
854 3257 955 3311 ἔντεσιν
966 3258 1060 3311 αὐλῶν.

310 3338 352 3390 καὶ
364 3341 408 3392 νῦν
419 3338 461 3392 ὑπ’
474 3337 630 3410 ἀμφοτέρων
641 3339 690 3393 σὺν
703 3342 817 3410 Διαγόρᾳ
829 3338 947 3404 κατέβαν,
960 3341 1007 3395 τὰν
1016 3342 1122 3395 πόντιον

309 3422 414 3492 ὑμνέων,
425 3425 494 3479 παῖδ’
507 3424 674 3496 Ἀφροδίτας,
686 3424 799 3479 Ἀελίοιό
811 3447 839 3480 τε
855 3425 966 3496 νύμφαν,
978 3425 1074 3480 Ῥόδον.

168 3540 274 3624 Illud,
291 3543 447 3628 κατέβαν,
470 3545 570 3637 ponit
592 3545 694 3614 nobis
718 3568 885 3637 pompam
904 3569 924 3616 e
941 3547 1082 3640 navigio
1107 3549 1217 3619 modo

167 3677 354 3749 egressam,
383 3661 528 3751 ipsaque
562 3661 599 3728 in
633 3683 739 3730 arena
771 3661 946 3732 notissimi
980 3671 1103 3754 portus
1137 3686 1218 3757 spa·

167 3772 328 3843 tiantem.

216 3887 410 3979 Splendide
444 3909 547 3959 sane:
586 3891 648 3960 sed
678 3891 792 3960 multo
827 3899 910 3961 sunt
944 3893 1105 3985 graviora
1134 3915 1215 3982 quae

164 4001 273 4072 habet
293 4004 436 4095 alioqui,
454 4007 498 4075 ad
517 4005 704 4098 Syracusas
728 4009 909 4089 accedens,
926 4016 1007 4098 post
1025 4007 1214 4100 Pythicam

166 4115 332 4188 Hieronis
362 4121 555 4189 victoriam.
614 4119 757 4211 Nempe
785 4121 898 4191 Hiero
927 4129 1013 4191 tunc
1042 4124 1215 4214 temporis

304 4313 315 4348 i
334 4312 406 4365 Nem.
419 4329 445 4381 3.
462 4328 484 4364 1.
900 4323 915 4350 ¹1
931 4315 972 4367 Ol.
987 4328 1011 4383 7.
1026 4330 1069 4367 20.
