2768 4876
162 313 225 387 492
383 318 493 380 Poetae
507 314 626 378 daturo
640 334 743 376 rotano
757 313 961 396 muujucurt'.
1021 335 1119 376 runc.
1133 335 1209 376 xxv.

163 490 328 559 videntur
351 489 446 557 inter
467 508 504 558 se
530 486 659 569 omnia,
678 508 754 578 quae
776 486 940 577 cuiquam
966 491 1126 554 nostrum
1148 483 1212 554 ali-

163 628 232 695 quo
256 612 417 693 tempore
440 624 502 671 seu
521 601 681 670 venerint
703 623 765 670 seu
783 610 931 669 ventura
953 599 1024 670 sint
1048 600 1086 668 in
1111 621 1212 670 men·

164 730 249 788 tem.
303 715 406 786 Nihil
424 725 489 798 est,
507 715 602 806 quod
619 715 656 784 in
674 739 717 786 ea
733 715 823 784 serie
839 722 957 784 careat
982 737 1123 806 prorsus
1148 737 1212 785 sua

164 833 199 901 vi
224 854 265 902 ac
291 831 382 901 loco
435 829 524 898 Eam
543 828 602 920 qui
628 829 745 899 lucide
771 852 812 899 ac
838 837 1013 920 potenter,
1031 830 1132 920 quasi
1146 828 1211 899 ¹iilo

164 948 201 1017 in
226 946 389 1016 manibus
413 946 509 1027 dato,
531 943 722 1026 deducunt,
741 945 1096 1036 variantqu03—-quae
1121 967 1212 1014 sem-

164 1083 228 1152 per
252 1060 374 1130 habita
398 1067 453 1129 est
474 1060 572 1150 quasi
589 1060 752 1149 quaedam
779 1059 1000 1151 prerogativa
1024 1059 1145 1152 magni
1169 1082 1211 1129 ac

165 1177 344 1246 divinioris
366 1175 498 1268 ingenii
509 1175 634 1258 3-hos
654 1173 742 1244 nihil
760 1176 854 1266 quod
872 1174 981 1244 sciam
998 1183 1109 1257 vetat,
1127 1174 1212 1267 quin

164 1293 320 1362 minimis
346 1291 456 1360 initiis
485 1290 719 1360 nobilissimos
746 1291 941 1383 adjungant
971 1290 1115 1360 exitus:
1152 1311 1213 1359 ne-

166 1407 250 1476 dum
278 1406 418 1476 licuerit
444 1405 593 1497 principi
621 1404 828 1497 Lyricorum
854 1413 1004 1498 augusta
1030 1406 1151 1475 omnia
1176 1414 1213 1474 et

166 1529 385 1592 sacrosancta
398 1542 478 1591 cum
493 1518 654 1611 palaestra
667 1528 704 1588 et
718 1519 831 1590 stadio
845 1520 1069 1613 conjungere.
1101 1518 1213 1590 Plane

166 1636 257 1706 siout
283 1637 383 1706 aiunt
401 1634 617 1726 Philosophi,
634 1635 781 1705 minime
798 1635 941 1726 quidem
967 1634 1019 1704 illi
1040 1635 1213 1729 vulgares,

167 1773 242 1821 esse
261 1750 438 1842 quoddam
457 1770 645 1819 commune
662 1749 853 1832 vinculum,
872 1772 941 1841 quo
959 1751 1053 1820 inter
1075 1773 1114 1821 se
1132 1774 1214 1821 nec·

167 1874 293 1936 tuntur
317 1889 389 1935 non
411 1865 519 1934 modo
536 1887 659 1935 omnes
675 1873 769 1935 artes
785 1888 863 1957 quae
885 1866 930 1936 ad
953 1867 1214 1937 humanitatem

168 1981 356 2072 pertinent,
374 2002 567 2071 omnesque
587 1980 755 2072 gravioris
772 1982 926 2051 scientiae
943 1990 1071 2074 partes,
1089 2003 1214 2051 verum

168 2096 277 2167 etiam
294 2097 413 2165 omnia
429 2095 582 2186 penitus,
593 2119 670 2187 quae
688 2097 725 2165 in
742 2118 954 2188 unoquoque
970 2119 1100 2190 genere
1117 2106 1215 2167 recte

168 2211 279 2304 possit
303 2211 477 2281 affirmare
506 2211 632 2301 aliquis
643 2234 749 2281 t—ex
775 2235 845 2302 quo
871 2212 1032 2295 efficitur,
1057 2213 1094 2284 id
1120 2213 1215 2306 quod

169 2327 289 2397 docuit
317 2327 371 2395 vir
403 2326 521 2395 divino
555 2327 727 2408 acumine,
759 2327 962 2407 Butlerusr,
988 2326 1215 2398 “Neminem

170 2443 270 2522 scire,
297 2464 343 2511 an
373 2440 539 2531 quicquid
571 2464 653 2511 vere
683 2443 821 2511 dicatur
854 2443 1018 2534 respiciat
1047 2445 1217 2534 quodam·

170 2557 277 2626 modo
294 2556 422 2639 omnia,
440 2578 518 2647 quae
535 2578 617 2625 vere
635 2557 704 2625 dici
722 2559 866 2648 possint,
885 2558 1040 2628 obscuris
1062 2557 1217 2648 plerum-

170 2695 240 2762 que
264 2671 483 2762 ambagibus,
503 2671 555 2740 ita
579 2678 710 2754 tamen,
736 2680 777 2742 ut
802 2695 874 2741 uno
899 2681 1029 2764 negato
1051 2681 1216 2743 corruant

171 2787 276 2879 plane
294 2785 412 2856 omnia
425 2785 555 2856 :”-sic
572 2795 703 2856 nonmt
722 2786 873 2857 Poeseos
891 2787 1035 2870 alumni,
1049 2788 1217 2858 facillime

171 2903 208 2972 in
231 2925 307 2972 rem
328 2923 428 2971 suam
454 2902 611 2970 converti
633 2924 850 2994 quaecunque
870 2904 907 2970 in
927 2915 1087 2972 mentem
1106 2904 1163 2973 vel
1180 2904 1217 2972 in

172 3040 316 3089 manum
334 3019 489 3099 veniant,
506 3018 613 3086 modo
630 3018 764 3088 ferveat
783 3020 859 3110 quis
882 3019 1011 3101 animo,
1028 3028 1217 3112 totumque

173 3157 210 3204 se
228 3134 324 3226 operi
341 3133 491 3202 addicat.

223 3249 314 3332 Quae
328 3270 411 3316 cum
428 3248 479 3315 ita
493 3248 573 3328 sint,
584 3247 695 3316 nolite
712 3257 848 3340 putare,
860 3248 1078 3330 Academici,
1093 3271 1218 3340 campo

173 3386 244 3432 non
268 3363 351 3432 satis
371 3361 490 3452 amplo
507 3363 628 3431 donari
651 3387 673 3432 a
693 3364 793 3432 nobis
812 3363 1015 3446 Pindarum,
1033 3386 1116 3433 curn
1135 3364 1219 3433 dioi-

173 3502 262 3561 mus,
285 3502 331 3548 ex
357 3501 476 3548 amore
502 3481 552 3548 rei
577 3481 813 3572 gymnasticae,
838 3480 937 3551 velut
962 3504 983 3550 e
1009 3480 1142 3572 regula,
1166 3489 1220 3549 to-

174 3605 247 3665 tam
266 3596 342 3686 ejus
359 3593 554 3664 carminum
572 3579 746 3664 rationem
764 3595 933 3686 explicari
950 3618 1063 3687 posse.
1100 3594 1220 3677 Quem

172 3711 290 3780 locum
307 3733 371 3780 nos
388 3732 431 3778 eo
450 3711 527 3800 jam
545 3731 667 3801 usque,
684 3711 713 3779 si
730 3711 951 3793 meministis,
969 3719 1075 3780 autea
1091 3716 1221 3778 tracta-

172 3827 297 3908 vimus,
324 3833 367 3894 ut
398 3826 616 3906 doceremus,
642 3825 801 3895 adhibita
830 3825 1077 3917 exemplorum
1107 3824 1221 3914 copia,

173 3940 367 4010 Pindarum
392 3963 475 4009 cum
500 3939 644 4010 athletis
673 3941 874 4010 mirandum
901 3941 938 4009 in
968 3938 1116 4008 modum
1145 3959 1224 4006 sen·

173 4057 269 4139 sisse,
297 4057 420 4147 positis
448 4055 615 4124 videlicet
648 4056 684 4125 in
715 4057 790 4147 ipso
825 4055 1027 4125 certaminis
1060 4052 1222 4122 articulo.

375 4321 385 4344 ⁸
404 4313 480 4367 Aeol.
494 4333 520 4383 p.
537 4331 559 4368 1.
573 4333 596 4368 c.
613 4328 638 4384 7.
651 4333 677 4384 p.
695 4328 752 4384 173.
768 4315 818 4368 lld.
833 4314 923 4368 Oxon.
941 4314 1017 4382 1807.
