2768 4876
165 323 230 395 690
465 323 657 388 Lucretianam
670 321 809 386 omnuim
822 321 931 405 apua:
999 341 1095 381 rant.
1106 339 1213 380 xxxrv.

167 496 381 567 tabescentis
399 495 638 587 querimonia,
655 517 736 586 quae
760 494 877 562 inore
902 501 985 563 sunt
1008 493 1122 561 ferme
1148 513 1219 559 om·

167 614 281 683 nibus.
334 611 431 694 Quid
457 611 552 680 enim
579 610 694 679 dicam
721 611 766 678 de
790 609 900 700 ipsius
926 606 1115 676 Hamlothi
1145 629 1220 698 gra·

168 730 309 800 vissima
350 749 509 819 persona,
546 726 690 816 verique
732 747 805 816 prae
845 724 981 794 caeteris
1014 721 1220 792 simillima?

167 866 244 934 quae
266 842 385 912 nescio
409 865 454 911 an
480 841 579 910 nulla
603 842 715 933 magis
738 863 776 910 re
802 840 1030 909 commendet
1048 860 1085 908 se
1108 837 1220 920 nobis,

167 960 380 1050 penitusque
407 959 444 1025 in
472 965 612 1026 mentes
642 957 807 1038 insinuet,
833 978 940 1047 quam
968 955 1128 1024 obscuris
1153 953 1222 1021 illis

167 1074 331 1142 amentia
358 1075 456 1164 quasi
483 1072 670 1163 praeludiis,
697 1095 774 1162 quae
803 1073 840 1140 in
865 1072 960 1141 hunc
985 1092 1100 1160 usque
1127 1069 1220 1137 diem

167 1190 276 1257 tantis
307 1187 430 1257 litibus
457 1188 680 1268 criticorum,
708 1189 768 1278 qui
800 1187 1034 1280 appellantur,
1063 1193 1224 1254 catervas

166 1305 300 1396 agitare
318 1304 444 1374 solent.

221 1418 374 1502 Horum,
393 1421 525 1511 opinor,
550 1442 620 1488 non
644 1419 738 1489 male
760 1419 971 1500 meminerit,
990 1418 1051 1509 qui
1069 1424 1168 1486 recte
1185 1422 1223 1482 ct

169 1535 291 1604 ordine
309 1535 395 1604 velit
416 1535 619 1605 Lucretiani
640 1536 804 1605 carminis
825 1535 926 1604 filum
951 1542 1085 1603 tenere.
1141 1529 1222 1599 Me-

168 1652 323 1734 minerit,
341 1651 407 1721 sibi
430 1674 505 1720 rem
529 1674 606 1721 esse
629 1673 710 1720 cum
738 1652 906 1742 scriptore
929 1650 1134 1723 acutissimo
1160 1645 1222 1716 illo

169 1767 326 1855 quidem,
344 1767 406 1839 sad
424 1767 485 1857 qui
511 1766 597 1843 nihil
619 1789 691 1836 non
709 1768 855 1859 aspiciat
872 1765 970 1856 quasi
987 1762 1120 1833 nebula
1137 1784 1222 1853 qua-

168 1879 248 1947 dam
269 1881 425 1963 inducta,
437 1903 519 1971 quae
532 1880 662 1950 formas
675 1903 790 1950 rerum
806 1890 843 1950 et
861 1878 1126 1973 magnitudines
1143 1899 1222 1969 pro·

168 1995 346 2086 digialiter
363 1997 623 2088 quodammodo
641 1998 762 2065 variet.
815 1995 931 2065 Immo
951 1995 1047 2064 omni
1066 1994 1220 2063 lectione

168 2110 371 2180 meminerit
396 2104 605 2181 miserorum
631 2120 669 2181 et
696 2135 867 2204 agrorum
897 2109 1112 2191 mortalium,
1134 2131 1221 2200 quo·

168 2249 246 2294 rum
275 2226 331 2295 vel
364 2227 488 2318 optimi
516 2227 652 2296 fructus
681 2227 902 2319 ingeniorum
932 2236 1006 2295 tam
1036 2247 1148 2316 prope
1175 2223 1220 2293 ab

167 2343 321 2413 alienata
337 2352 459 2413 mente
476 2343 603 2414 absint.
652 2342 738 2412 Non
755 2343 956 2434 injucunda,
973 2342 1010 2411 ni
1028 2340 1142 2423 fallor,
1160 2362 1220 2409 ne·

168 2482 238 2550 que
263 2482 402 2550 prorsus
428 2459 563 2528 inutilis
586 2459 653 2527 erit
673 2459 742 2529 ista
765 2458 953 2540 miseratio,
970 2464 1099 2548 prater
1120 2455 1218 2526 illam

168 2574 419 2665 amplissimam
437 2597 531 2642 nunc
550 2575 750 2642 tenerrimae
768 2596 861 2641 nuno
878 2572 1108 2641 severissimae
1129 2569 1217 2640 Poe·

168 2713 245 2760 seos
263 2692 411 2781 copiam,
430 2713 506 2780 quae
526 2697 646 2758 manat
664 2710 913 2779 usquequaque
932 2711 952 2756 e
970 2689 1129 2757 fontibus
1146 2687 1219 2756 Lu-

167 2805 341 2874 cretionis.

218 2919 290 2989 Sed
316 2921 423 2989 fuerit
447 2921 594 2989 fortasse
618 2942 735 3010 operae
761 2919 926 3010 pretium,
945 2920 973 2988 si
994 2942 1108 3010 pauca
1125 2942 1219 3009 qua·

167 3036 246 3104 dam
266 3035 333 3104 hoc
352 3035 430 3104 loco
449 3036 588 3117 addam,
602 3058 682 3125 quae
700 3035 990 3128 significationem
1008 3034 1214 3103 nonnullam

166 3151 322 3230 insaniae,
336 3151 478 3241 qualem
497 3172 560 3219 nos
579 3150 745 3232 diximus,
762 3150 890 3219 habere
908 3150 1105 3219 videantur.

216 3263 406 3356 Principi0,
425 3267 573 3334 miretur
591 3265 716 3355 aliquis
736 3288 806 3333 non
829 3265 964 3356 injuria,
983 3265 1092 3333 tantis
1110 3264 1156 3334 ab
1174 3287 1216 3333 oo

165 3376 328 3448 laudibus
354 3379 467 3449 efferri
493 3379 698 3469 Epicurum,
718 3382 844 3461 virum,
866 3388 907 3448 ut
931 3380 1080 3461 videtur,
1107 3382 1216 3472 siquis

165 3493 263 3572 alius,
281 3495 437 3563 maxime
460 3493 615 3563 alienum
633 3518 655 3564 a
671 3494 864 3564 Poetarum
887 3495 1041 3577 deliciis3
1071 3497 1214 3577 exilem,

165 3605 341 3696 frigidum,
359 3609 596 3690 inamoenum3
618 3607 716 3677 nulla
732 3609 922 3678 admodum
934 3609 1051 3677 vivida
1065 3611 1098 3677 vi
1116 3632 1216 3679 men·

164 3721 219 3801 tis,
237 3722 336 3791 nullo
361 3724 489 3792 amoris
513 3731 611 3807 aestu,
629 3723 736 3793 nullis
762 3725 841 3816 styli
869 3724 1080 3794 luminibus:
1106 3726 1215 3795 modo

164 3836 403 3926 conjecturam
421 3860 546 3928 capere
565 3837 670 3907 liceat
688 3862 709 3906 a
725 3838 881 3930 reliquiis
899 3840 1016 3930 ipsius,
1035 3849 1213 3910 veterum·

164 3972 233 4039 que
249 3950 293 4018 de
310 3973 353 4019 eo
364 3952 518 4040 judiciis.
557 3952 612 4021 En
627 3976 710 4022 vero
723 3957 881 4046 ejusdem
900 3957 1087 4046 praeconia,
1101 3980 1214 4049 pauca

164 4063 208 4131 de
225 4064 347 4133 multis
357 4060 378 4132 f.

304 4185 327 4236 E
339 4185 455 4240 tenebris
467 4189 547 4241 tantis
560 4195 615 4241 tam
627 4189 727 4241 clarum
740 4192 863 4243 extollere
875 4193 965 4246 lumen

595 4314 606 4352 f
624 4315 702 4368 Lucr.
716 4333 741 4385 3.
758 4335 781 4369 1.
