2768 4876
171 318 235 382 754
386 313 550 398 Virgilium
565 335 630 377 eura
647 314 787 399 agricolis
801 315 958 378 exaltare:
988 338 1083 379 rann.
1097 339 1219 378 xxxva.

311 481 438 546 Exierint,
447 483 503 554 jam
516 483 616 553 stringe
628 499 727 544 comas,
736 482 792 553 jam
803 481 912 535 brachia
923 481 1014 535 tonde.

310 570 381 622 Ante
392 569 563 637 resomideat
574 568 689 622 serrum:
708 576 766 622 tum
779 568 892 639 denique
904 568 970 621 duro

309 655 410 707 Eeerce
420 655 536 724 imperio,
549 663 575 708 et
587 671 675 708 ramos
687 671 816 724 compesce
826 655 948 709 fluentes.
959 695 965 710 .
977 695 1000 710 ..

311 740 446 810 Praecipue
458 740 523 794 dum
536 741 610 794 frons
622 749 712 794 tenera
722 741 919 811 impmdcnsqae
930 741 1054 795 ledonem.

168 852 280 923 Multi
313 855 504 924 seminibus
533 863 571 923 et
600 853 730 946 plantis
760 857 914 927 tribuere
944 879 1077 938 sensus,
1108 879 1215 948 seque

165 993 248 1039 oum
267 972 309 1040 iis
327 969 438 1040 laetari
457 981 493 1040 et
510 973 592 1063 angi
610 972 903 1064 significaverunt.
955 971 1129 1065 Virgilius
1155 997 1215 1043 au-

167 1097 239 1155 tem
262 1086 362 1156 illum
390 1086 504 1156 locum
531 1112 612 1157 cum
638 1090 813 1180 praecipuo
831 1091 981 1181 quodam
1001 1088 1143 1171 affeetu,
1162 1102 1213 1158 at-

167 1225 236 1290 que
253 1211 294 1270 ut
312 1202 361 1270 ita
379 1203 503 1284 dicam,
522 1204 676 1286 tutelari,
696 1205 860 1274 tractavit
872 1214 896 1274 ².

455 1323 563 1376 Animos
572 1324 665 1377 tollent
676 1333 747 1378 sata:
753 1365 847 1379 ......

306 1406 317 1439 b
331 1407 415 1478 luque
428 1426 511 1462 novos
524 1410 593 1462 soles
606 1409 700 1462 audent
710 1427 738 1463 se
749 1411 870 1480 gramina
880 1419 939 1465 tuto

309 1493 425 1556 Credere,
438 1511 487 1548 nec
499 1496 588 1548 metuit
599 1504 739 1566 surgentes
750 1497 892 1566 pampinus
901 1498 1025 1562 Austros,

306 1580 362 1633 Aut
374 1590 463 1634 actum
476 1583 540 1636 caelo
551 1583 657 1652 magnis
669 1583 848 1654 Aquilonibus
860 1583 981 1637 imbrem.

218 1695 297 1764 Nec
315 1698 567 1787 praetereunda,
585 1721 665 1789 quae
683 1698 821 1789 plantas
838 1699 1041 1768 describunt
1058 1701 1181 1770 insitas
1188 1711 1211 1770 ⁰.

517 1819 576 1873 Nec
587 1820 700 1888 longum
711 1829 827 1889 tempus,
840 1829 865 1874 et
877 1821 972 1892 ingens

305 1905 377 1959 Exiit
389 1906 425 1958 od
435 1906 523 1958 celum
536 1906 617 1959 ramis
629 1905 750 1959 felicibus
762 1905 850 1969 arbos,

305 1991 470 2062 Miraturque
481 2009 563 2045 novas
575 1991 691 2054 frondes,
704 1999 730 2044 et
741 2009 796 2044 non
809 2008 858 2044 sua
869 2008 956 2060 poma.

165 2105 246 2188 Quo
265 2106 300 2174 in
317 2105 395 2174 loco
414 2105 700 2175 animadvertatis
714 2103 820 2172 velim
839 2103 925 2172 illud
940 2104 1047 2173 etiam
1067 2105 1210 2174 solenne

164 2219 336 2313 agricolis,
360 2231 401 2289 ut
427 2222 544 2290 nescio
563 2245 650 2313 quos
675 2229 782 2314 agant
808 2219 1016 2312 triumphos
1038 2228 1075 2290 et
1102 2221 1137 2288 in
1164 2219 1212 2289 al-

164 2345 242 2404 tum
263 2333 522 2425 quodammodo
549 2333 747 2414 efferantur,
771 2355 935 2425 prospero
962 2331 1114 2401 culturae
1141 2355 1211 2401 suae

164 2472 338 2521 successu.
391 2449 518 2533 Qualia
536 2459 618 2520 sunt
636 2460 672 2518 et
690 2445 796 2520 illad:

306 2589 378 2658 Ergo
390 2589 477 2642 omnis
489 2590 563 2658 largo
575 2588 697 2657 pubescit
708 2589 785 2640 vinea
796 2587 878 2649 loetu3

307 2675 482 2744 Complentur
493 2676 624 2744 vallesque
637 2691 708 2726 cavae
721 2675 855 2742 saltusque
867 2671 1002 2741 profundi,

305 2763 339 2815 Et
352 2780 511 2833 quocunque
525 2763 599 2815 Deus
612 2761 712 2813 circum
724 2769 803 2828 caput
816 2760 869 2829 egit
880 2759 1023 2813 honestum
1028 2800 1105 2814 .....

304 2856 316 2884 e
327 2847 432 2900 Primus
444 2865 504 2900 vere
518 2865 613 2909 rosam,
626 2856 704 2916 atque
717 2855 846 2899 autumno
859 2863 964 2915 carpere
976 2863 1065 2914 poma.

307 2975 435 2988 ........
445 2933 505 2986 fllli
517 2934 579 2987 tiliae
592 2942 670 3003 atque
682 2932 815 2985 uberrima
826 2933 915 3001 pinus,

306 3020 431 3091 Quotque
443 3021 470 3072 in
483 3021 546 3073 flore
559 3037 628 3072 novo
640 3020 727 3088 pomis
740 3037 768 3071 se
779 3019 871 3072 fertilis
884 3019 962 3072 arbos

306 3106 441 3170 Induerat,
454 3107 564 3161 totidem
577 3116 706 3159 autumno
718 3115 823 3167 matura
835 3107 948 3159 tenebat.

215 3222 346 3290 Lenius
372 3222 631 3312 quodammodo
662 3231 698 3289 et
726 3218 946 3311 tranquillius
975 3218 1066 3300 fluit,
1095 3242 1210 3310 nequo

164 3353 283 3405 tamen
311 3359 380 3405 non
403 3360 484 3405 vere
513 3337 700 3427 respondet
724 3337 915 3427 agrestium
941 3333 1078 3415 animis,
1097 3337 1210 3404 senio-

163 3475 240 3521 rum
260 3455 460 3543 praesertim,
477 3452 689 3522 autumnalis
706 3451 767 3520 ille
785 3460 955 3521 eantusss:

303 3573 361 3625 Nec
373 3573 484 3643 requies,
498 3573 562 3643 quin
575 3581 620 3624 aut
632 3570 718 3639 pornis
730 3570 855 3624 exuberet
867 3587 962 3632 annus,

303 3662 360 3715 Aut
371 3662 438 3715 soetu
451 3678 585 3730 pecorum,
599 3667 645 3713 aut
658 3657 772 3711 Cerealis
784 3658 894 3727 mergite
907 3657 995 3719 culmi,

305 3747 491 3817 Proventuque
503 3755 594 3799 oneret
607 3746 703 3806 sulcos,
717 3753 795 3813 atque
807 3743 901 3796 horrea
912 3742 1009 3796 vincat.

305 3833 385 3886 Venit
397 3832 504 3904 hyems:
524 3833 617 3885 teritur
630 3831 753 3901 Sicyonia
764 3829 845 3882 bacca
856 3828 979 3898 trapetis;

306 3918 408 3972 Glande
421 3937 481 3972 sues
495 3919 548 3972 laeti
561 3917 686 3980 redeunt;
707 3916 771 3969 dant
783 3917 877 3969 arbuta
889 3916 969 3986 sylvae
976 3937 984 3977 3

306 4007 341 4059 Et
352 4006 439 4059 varios
451 4007 526 4075 ponit
538 4007 618 4059 loetus
631 4015 792 4066 autumnus3
811 4012 837 4057 et
849 4004 899 4056 alte
1039 4071 1043 4076 .

305 4093 379 4145 Mitis
393 4093 420 4145 in
433 4093 527 4161 apricis
540 4093 663 4162 coquitur
674 4091 808 4144 vindemia
820 4091 898 4143 saxis.
999 4132 1002 4138 .

199 4242 321 4307 εἰ(ἴεονρ.
335 4256 359 4291 2.
373 4253 434 4307 350.
490 4235 689 4306 blln‘d.2.332.
751 4234 842 4287 clln'd.
857 4251 881 4287 2.
895 4234 938 4286 81.
1004 4232 1208 4303 dlbr'd.2.39o.

164 4328 255 4380 cloio.
269 4346 294 4392 4.
311 4341 369 4393 134.
441 4323 530 4377 flbid.
544 4344 568 4389 4.
586 4341 643 4389 141.
717 4321 809 4375 sloid.
825 4337 849 4374 2.
865 4320 925 4386 516.
