2768 4876
173 350 401 394 rusuxxxvur.
411 331 596 394 Gratissima
608 328 653 391 cis
665 329 802 399 locorum,
813 326 982 411 quospncri
992 326 1136 388 novimus.
1151 325 1210 390 771

221 504 356 574 Verum
394 507 578 574 redeamus
613 507 657 573 ad
692 505 871 595 inceptum
904 503 947 570 de
981 501 1066 570 locis
1101 501 1214 567 nomi-

172 620 292 689 nandis
323 644 532 703 sermonem,
559 623 811 710 rationemque,
840 619 979 709 qualem
1009 618 1212 709 poterimus,

171 737 364 817 reddamus,
393 760 455 805 cur
485 760 529 806 ex
559 759 600 804 ea
631 759 668 805 re
697 737 836 826 capiant
865 735 1022 825 plerique
1054 732 1213 822 volupta-

171 861 252 921 tem.
306 851 361 921 Ao
380 853 533 921 diximus
551 853 693 943 quidem
713 854 756 921 de
775 850 1102 930 verisimilitudiue;
1129 870 1214 937 qua·
1269 858 1275 870 ’

170 969 196 1035 si
226 969 388 1058 propiora
419 970 489 1037 sint
519 969 778 1058 quodammodo
811 991 861 1047 ea,
894 990 973 1057 quae
1004 965 1213 1033 nominatim

169 1105 306 1173 cunque
332 1082 564 1173 appellantur.
618 1081 699 1151 Hoc
720 1092 880 1172 tempore
905 1079 1131 1148 consideretis
1155 1101 1214 1145 ve-

168 1198 238 1280 lim,
257 1221 302 1267 an
321 1199 405 1267 satis
423 1200 608 1268 commode
633 1200 759 1267 intres
782 1199 892 1266 ferme
918 1205 1034 1287 partes
1053 1195 1213 1264 distribui

168 1315 312 1405 possint,
347 1339 427 1405 quae
468 1314 600 1383 habent
635 1313 755 1384 Poetae
791 1313 858 1382 hoo
893 1336 1025 1405 genus:
1063 1334 1212 1402 quorum

168 1433 279 1522 prima
297 1433 375 1513 erit,
394 1439 431 1499 et
449 1432 547 1520 quasi
572 1431 649 1499 fons
667 1440 703 1499 et
728 1431 825 1522 origo
843 1437 1057 1508 caeterarum,
1077 1451 1118 1496 ea
1136 1449 1212 1516 quae

167 1556 325 1616 versatur
342 1548 377 1615 in
397 1570 518 1615 eorum
536 1547 692 1615 locorum
712 1549 903 1626 mentione,
916 1545 1041 1636 quibus
1055 1545 1213 1634 quisque,

167 1648 254 1754 puer
280 1686 360 1731 cum
392 1671 495 1744 esset,
522 1663 723 1731 insueverit.
778 1661 872 1730 Nam
899 1662 990 1729 sicut
1015 1658 1212 1749 tenerrimis

167 1780 265 1847 annis
283 1801 303 1846 e
323 1787 461 1870 patrum
480 1787 704 1868 matrumque
722 1777 885 1845 familiari
904 1784 1049 1866 aspectu
1061 1773 1213 1843 solemus

168 1918 288 1963 omnes
311 1896 490 1986 pervenire
508 1893 551 1963 ad
576 1905 785 1963 caeterorum
806 1893 926 1961 ordine
954 1891 1211 1961 occurrentium

169 2019 245 2078 tum
265 2011 427 2079 notitiam
448 2020 525 2078 tum
544 2011 726 2078 caritatem
745 2032 753 2092 3
779 2009 830 2077 ita
847 2008 924 2076 loca
947 2008 1153 2099 plerumque
1171 2028 1213 2074 ea
1258 2043 1261 2047 ·

168 2126 338 2216 principio
356 2125 570 2206 adamamus,
588 2149 668 2215 quae
694 2148 738 2192 ex
760 2123 843 2215 ipsis
866 2124 964 2214 quasi
985 2123 1076 2191 nidis
1099 2123 1213 2213 primo

167 2240 346 2310 evolantes
372 2250 409 2309 et
435 2249 574 2309 nosmet
600 2248 779 2309 tentantes
807 2249 1042 2330 exceperunt:
1075 2239 1212 2319 deiude,

168 2358 264 2426 ducti
284 2356 340 2425 vel
359 2356 483 2424 borum
509 2355 749 2436 similitudine,
768 2355 823 2424 vel
842 2355 1095 2448 significatione
1117 2363 1213 2424 certe

167 2473 444 2562 aliqua,cmtera,
464 2480 568 2561 prout
587 2492 734 2560 quaeque
752 2478 950 2548 occurrunt,
966 2470 1119 2537 caritatis
1137 2469 1212 2558 ejus

167 2587 339 2680 particula
365 2587 514 2678 quadam
540 2585 820 2677 complectimur.
874 2586 1125 2668 Quamobrem,
1151 2587 1211 2674 qui

167 2707 202 2772 in
231 2705 297 2772 hac
330 2712 429 2794 parte
456 2702 542 2770 velit
573 2703 717 2792 exsequi
747 2700 952 2792 Virgilianae
984 2701 1134 2770 Poeseos
1160 2701 1213 2768 in-

165 2821 318 2912 genium,
350 2821 378 2888 is
407 2819 556 2887 censebo
587 2818 729 2886 initium
760 2817 876 2908 capiat
907 2840 951 2885 ex
980 2818 1021 2886 iis
1052 2840 1132 2906 quae
1167 2817 1211 2884 ad

168 2937 356 3004 Mantuam
392 2933 448 3003 vel
488 2935 531 3002 ad
567 2933 778 3003 Cremonam
813 2934 1013 3024 pertinent;
1057 2956 1133 3022 quae
1168 2934 1212 3000 ad

167 3051 292 3120 fluvios
323 3052 545 3142 propinquos
579 3049 768 3131 Mincium,
798 3048 960 3130 Athesin,
997 3048 1212 3129 Eridanum3

166 3191 246 3258 quae
270 3168 313 3236 ad
337 3168 513 3236 montium
540 3166 624 3234 licet
649 3167 921 3263 longinquorum
943 3174 1114 3255 aspectus,
1140 3165 1212 3235 sive

166 3280 314 3374 Alpium
341 3283 414 3351 sive
441 3280 645 3373 Apennini:
690 3275 817 3372 quibus
844 3282 940 3371 quasi
978 3280 1129 3348 Naturae
1155 3303 1213 3346 ru-

166 3397 341 3478 dimentis,
378 3419 397 3464 e
432 3406 554 3465 tenera
585 3418 696 3487 usque
727 3404 843 3474 aetate,
879 3394 988 3465 oculis
1022 3395 1210 3484 animoque

165 3512 323 3581 imbutus
352 3511 463 3582 Poeta
491 3511 595 3582 facile
624 3520 699 3581 erat
730 3534 974 3604 progressurus
1000 3513 1043 3579 ad
1070 3510 1212 3601 plenam

113 3696 115 3701 .
165 3629 240 3719 ejus
268 3629 471 3697 scientiam:
500 3627 653 3696 habebat
682 3628 866 3707 duntaxat,
898 3628 1106 3717 quibuscum
1133 3648 1212 3716 pos·
1312 3724 1319 3731 .

165 3752 218 3811 set
244 3766 456 3834 componere
482 3744 600 3810 omnia
625 3752 662 3811 et
690 3742 837 3834 singula,
856 3765 933 3832 quae
959 3764 1210 3832 usquequaque

164 3856 199 3924 in
228 3856 348 3925 oculos
380 3858 550 3926 venirent.
606 3857 744 3948 Ecquid
770 3859 807 3926 in
835 3879 939 3926 causa
965 3879 1041 3925 esse
1066 3858 1210 3947 putatis,

164 3995 226 4041 cur
256 3995 300 4041 ex
336 3973 498 4041 omnibus
530 3972 706 4041 Bucolicis
735 3975 848 4064 prima
871 3983 907 4041 et
936 3997 1028 4042 nona
1055 3974 1211 4041 maxime

164 4096 411 4157 commoveant
441 4090 587 4170 animos,
615 4090 682 4157 uisi
714 4090 795 4179 quia
830 4099 990 4158 versatur
1020 4103 1210 4178 utrumque

163 4226 305 4272 carmen
323 4204 358 4271 in
378 4211 474 4272 certa
491 4227 531 4273 ac
550 4202 711 4272 familiari
731 4204 868 4283 vicinia,
888 4206 1049 4295 notisque
1068 4215 1104 4272 et
1123 4205 1211 4272 caris

164 4317 336 4386 limitibus
355 4318 509 4407 undique
528 4319 852 4387 circumscribitur?
881 4318 999 4401 Quid?
1026 4319 1211 4409 magnifica

606 4439 711 4503 soa
