<?xml version="1.0" encoding="UTF-8"?>
<!DOCTYPE html PUBLIC "-//W3C//DTD XHTML 1.0 Transitional//EN"
    "http://www.w3.org/TR/xhtml1/DTD/xhtml1-transitional.dtd">
<html xmlns="http://www.w3.org/1999/xhtml" xml:lang="en" lang="en">
 <head>
  <title>
</title>
<meta http-equiv="Content-Type" content="text/html;charset=utf-8" />
  <meta name='ocr-system' content='tesseract 3.04.00' />
  <meta name='ocr-capabilities' content='ocr_page ocr_carea ocr_par ocr_line ocrx_word'/>
</head>
<body>
  <div class='ocr_page' id='page_1' title='image "./depoeticaevimed00keblgoog_0316.png"; bbox 0 0 2768 4876; ppageno 0'>
   <div class='ocr_carea' id='block_1_1' title="bbox 224 317 1253 408">
    <p class='ocr_par' dir='ltr' id='par_1_1' title="bbox 224 317 1253 408">
     <span class='ocr_line' id='line_1_1' title="bbox 224 317 1253 408; baseline 0.007 -26"><span class='ocrx_word' id='word_1_1' title='bbox 224 337 304 384; x_wconf 75' lang='lat' dir='ltr'>runt.</span> <span class='ocrx_word' id='word_1_2' title='bbox 316 339 428 386; x_wconf 75' lang='lat' dir='ltr'>xxxiv.</span> <span class='ocrx_word' id='word_1_3' title='bbox 456 317 593 406; x_wconf 76' lang='lat' dir='ltr'>Epicuri</span> <span class='ocrx_word' id='word_1_4' title='bbox 607 344 714 386; x_wconf 81' lang='lat' dir='ltr'>amor.-</span> <span class='ocrx_word' id='word_1_5' title='bbox 737 324 973 408; x_wconf 70' lang='lat' dir='ltr'>oryumontoudi</span> <span class='ocrx_word' id='word_1_6' title='bbox 988 326 1146 389; x_wconf 56' lang='lat' dir='ltr'>&amp;maritos</span> <span class='ocrx_word' id='word_1_7' title='bbox 1194 322 1253 393; x_wconf 84' lang='lat'>691</span> 
     </span>
    </p>
   </div>
   <div class='ocr_carea' id='block_1_2' title="bbox 350 488 1125 1420">
    <p class='ocr_par' dir='ltr' id='par_1_2' title="bbox 352 488 1034 560">
     <span class='ocr_line' id='line_1_2' title="bbox 352 488 1034 560; baseline -0.001 -14"><span class='ocrx_word' id='word_1_8' title='bbox 352 488 406 548; x_wconf 81' lang='lat' dir='ltr'>Qui</span> <span class='ocrx_word' id='word_1_9' title='bbox 417 490 521 560; x_wconf 89' lang='lat' dir='ltr'>primus</span> <span class='ocrx_word' id='word_1_10' title='bbox 533 491 652 560; x_wconf 84' lang='lat' dir='ltr'>potuisti,</span> <span class='ocrx_word' id='word_1_11' title='bbox 664 491 800 544; x_wconf 86' lang='lat' dir='ltr'>illustrans</span> <span class='ocrx_word' id='word_1_12' title='bbox 813 490 953 544; x_wconf 86' lang='lat' dir='ltr'>commoda</span> <span class='ocrx_word' id='word_1_13' title='bbox 964 492 1034 555; x_wconf 86' lang='lat' dir='ltr'>vitae,</span> 
     </span>
    </p>

    <p class='ocr_par' dir='ltr' id='par_1_3' title="bbox 350 575 1090 733">
     <span class='ocr_line' id='line_1_3' title="bbox 350 575 1090 648; baseline 0.001 -19"><span class='ocrx_word' id='word_1_14' title='bbox 350 575 388 629; x_wconf 83' lang='lat' dir='ltr'>Te</span> <span class='ocrx_word' id='word_1_15' title='bbox 400 593 505 648; x_wconf 89' lang='lat' dir='ltr'>sequor,</span> <span class='ocrx_word' id='word_1_16' title='bbox 519 576 545 630; x_wconf 94' lang='grc'>0</span> <span class='ocrx_word' id='word_1_17' title='bbox 556 576 643 631; x_wconf 72' lang='lat' dir='ltr'>Graiae</span> <span class='ocrx_word' id='word_1_18' title='bbox 656 577 743 646; x_wconf 80' lang='lat' dir='ltr'>gentis</span> <span class='ocrx_word' id='word_1_19' title='bbox 756 575 847 639; x_wconf 87' lang='lat' dir='ltr'>decus,</span> <span class='ocrx_word' id='word_1_20' title='bbox 860 577 940 648; x_wconf 88' lang='lat' dir='ltr'>inque</span> <span class='ocrx_word' id='word_1_21' title='bbox 951 578 1005 630; x_wconf 87' lang='lat' dir='ltr'>tuis</span> <span class='ocrx_word' id='word_1_22' title='bbox 1017 595 1090 631; x_wconf 88' lang='lat' dir='ltr'>nunc</span> 
     </span>
     <span class='ocr_line' id='line_1_4' title="bbox 352 660 948 733; baseline 0.003 -19"><span class='ocrx_word' id='word_1_23' title='bbox 352 660 414 715; x_wconf 82' lang='lat' dir='ltr'>Fixa</span> <span class='ocrx_word' id='word_1_24' title='bbox 426 662 526 732; x_wconf 91' lang='lat' dir='ltr'>pedum</span> <span class='ocrx_word' id='word_1_25' title='bbox 538 680 609 732; x_wconf 93' lang='lat' dir='ltr'>pono</span> <span class='ocrx_word' id='word_1_26' title='bbox 621 663 719 732; x_wconf 78' lang='lat' dir='ltr'>pressis</span> <span class='ocrx_word' id='word_1_27' title='bbox 732 663 843 733; x_wconf 81' lang='lat' dir='ltr'>vestigia</span> <span class='ocrx_word' id='word_1_28' title='bbox 855 663 948 732; x_wconf 79' lang='lat' dir='ltr'>signis,</span> 
     </span>
    </p>

    <p class='ocr_par' dir='ltr' id='par_1_4' title="bbox 351 741 1125 1078">
     <span class='ocr_line' id='line_1_5' title="bbox 351 741 1080 820; baseline 0 -18"><span class='ocrx_word' id='word_1_29' title='bbox 351 741 415 803; x_wconf 89' lang='lat' dir='ltr'>Non</span> <span class='ocrx_word' id='word_1_30' title='bbox 426 750 462 803; x_wconf 89' lang='lat' dir='ltr'>ita</span> <span class='ocrx_word' id='word_1_31' title='bbox 473 744 592 804; x_wconf 88' lang='lat' dir='ltr'>certandi</span> <span class='ocrx_word' id='word_1_32' title='bbox 604 749 727 819; x_wconf 89' lang='lat' dir='ltr'>cupidus,</span> <span class='ocrx_word' id='word_1_33' title='bbox 741 766 821 820; x_wconf 90' lang='lat' dir='ltr'>quam</span> <span class='ocrx_word' id='word_1_34' title='bbox 835 757 942 819; x_wconf 89' lang='lat' dir='ltr'>propter</span> <span class='ocrx_word' id='word_1_35' title='bbox 954 767 1080 812; x_wconf 87' lang='lat' dir='ltr'>amorem,</span> 
     </span>
     <span class='ocr_line' id='line_1_6' title="bbox 352 834 1125 907; baseline -0.008 -13"><span class='ocrx_word' id='word_1_36' title='bbox 352 834 432 894; x_wconf 77' lang='lat' dir='ltr'>Quod</span> <span class='ocrx_word' id='word_1_37' title='bbox 444 845 470 890; x_wconf 84' lang='lat' dir='ltr'>te</span> <span class='ocrx_word' id='word_1_38' title='bbox 481 838 579 891; x_wconf 84' lang='lat' dir='ltr'>imitari</span> <span class='ocrx_word' id='word_1_39' title='bbox 591 854 672 890; x_wconf 85' lang='lat' dir='ltr'>aveo:</span> <span class='ocrx_word' id='word_1_40' title='bbox 692 835 757 907; x_wconf 91' lang='lat' dir='ltr'>quid</span> <span class='ocrx_word' id='word_1_41' title='bbox 770 837 840 889; x_wconf 88' lang='lat' dir='ltr'>enim</span> <span class='ocrx_word' id='word_1_42' title='bbox 853 835 995 889; x_wconf 83' lang='lat' dir='ltr'>contendat</span> <span class='ocrx_word' id='word_1_43' title='bbox 1008 835 1125 889; x_wconf 90' lang='lat' dir='ltr'>hirundo</span> 
     </span>
     <span class='ocr_line' id='line_1_7' title="bbox 353 920 1110 994; baseline -0.003 -20"><span class='ocrx_word' id='word_1_44' title='bbox 353 920 467 992; x_wconf 78' lang='lat' dir='ltr'>Cycnis?</span> <span class='ocrx_word' id='word_1_45' title='bbox 486 932 532 977; x_wconf 91' lang='lat' dir='ltr'>aut</span> <span class='ocrx_word' id='word_1_46' title='bbox 544 922 671 994; x_wconf 82' lang='lat' dir='ltr'><strong>quidnam</strong></span> <span class='ocrx_word' id='word_1_47' title='bbox 684 922 804 976; x_wconf 87' lang='lat' dir='ltr'><strong>tremulis</strong></span> <span class='ocrx_word' id='word_1_48' title='bbox 817 923 902 976; x_wconf 82' lang='lat' dir='ltr'>facere</span> <span class='ocrx_word' id='word_1_49' title='bbox 915 921 1025 975; x_wconf 89' lang='lat' dir='ltr'>artubus</span> <span class='ocrx_word' id='word_1_50' title='bbox 1037 921 1110 974; x_wconf 89' lang='lat' dir='ltr'>hoedi</span> 
     </span>
     <span class='ocr_line' id='line_1_8' title="bbox 352 1005 1027 1078; baseline -0.004 -16"><span class='ocrx_word' id='word_1_51' title='bbox 352 1005 495 1063; x_wconf 75' lang='lat' dir='ltr'>consimile</span> <span class='ocrx_word' id='word_1_52' title='bbox 506 1010 535 1062; x_wconf 91' lang='lat' dir='ltr'>in</span> <span class='ocrx_word' id='word_1_53' title='bbox 547 1027 628 1063; x_wconf 90' lang='lat' dir='ltr'>cursu</span> <span class='ocrx_word' id='word_1_54' title='bbox 640 1009 753 1078; x_wconf 86' lang='lat' dir='ltr'>possint,</span> <span class='ocrx_word' id='word_1_55' title='bbox 766 1023 795 1060; x_wconf 86' lang='lat' dir='ltr'>ac</span> <span class='ocrx_word' id='word_1_56' title='bbox 808 1007 883 1061; x_wconf 85' lang='lat' dir='ltr'>fortis</span> <span class='ocrx_word' id='word_1_57' title='bbox 896 1007 957 1077; x_wconf 88' lang='lat' dir='ltr'>equi</span> <span class='ocrx_word' id='word_1_58' title='bbox 969 1007 1027 1059; x_wconf 83' lang='lat' dir='ltr'>vis?</span> 
     </span>
    </p>

    <p class='ocr_par' dir='ltr' id='par_1_5' title="bbox 351 1090 1091 1335">
     <span class='ocr_line' id='line_1_9' title="bbox 351 1090 1023 1162; baseline -0.001 -15"><span class='ocrx_word' id='word_1_59' title='bbox 351 1090 393 1147; x_wconf 82' lang='lat' dir='ltr'>Tu</span> <span class='ocrx_word' id='word_1_60' title='bbox 406 1094 491 1158; x_wconf 85' lang='lat' dir='ltr'>Pater,</span> <span class='ocrx_word' id='word_1_61' title='bbox 504 1103 530 1148; x_wconf 89' lang='lat' dir='ltr'>et</span> <span class='ocrx_word' id='word_1_62' title='bbox 542 1110 632 1147; x_wconf 90' lang='lat' dir='ltr'>rerum</span> <span class='ocrx_word' id='word_1_63' title='bbox 645 1094 787 1147; x_wconf 80' lang='lat' dir='ltr'>Inventor:</span> <span class='ocrx_word' id='word_1_64' title='bbox 806 1102 837 1146; x_wconf 96' lang='lat' dir='ltr'>tu</span> <span class='ocrx_word' id='word_1_65' title='bbox 849 1094 934 1162; x_wconf 87' lang='lat' dir='ltr'>patria</span> <span class='ocrx_word' id='word_1_66' title='bbox 945 1092 1023 1146; x_wconf 91' lang='lat' dir='ltr'>nobis</span> 
     </span>
     <span class='ocr_line' id='line_1_10' title="bbox 353 1176 1091 1250; baseline 0 -20"><span class='ocrx_word' id='word_1_67' title='bbox 353 1176 511 1248; x_wconf 84' lang='lat' dir='ltr'>Suppeditas</span> <span class='ocrx_word' id='word_1_68' title='bbox 524 1187 670 1248; x_wconf 74' lang='lat' dir='ltr'>praecepta:</span> <span class='ocrx_word' id='word_1_69' title='bbox 690 1180 797 1250; x_wconf 85' lang='lat' dir='ltr'>tuisque</span> <span class='ocrx_word' id='word_1_70' title='bbox 809 1197 850 1241; x_wconf 85' lang='lat' dir='ltr'>ex,</span> <span class='ocrx_word' id='word_1_71' title='bbox 863 1180 971 1241; x_wconf 86' lang='lat' dir='ltr'>inclute,</span> <span class='ocrx_word' id='word_1_72' title='bbox 985 1178 1091 1240; x_wconf 89' lang='lat' dir='ltr'>chartis,</span> 
     </span>
     <span class='ocr_line' id='line_1_11' title="bbox 352 1263 980 1335; baseline -0.002 -18"><span class='ocrx_word' id='word_1_73' title='bbox 352 1263 483 1319; x_wconf 83' lang='lat' dir='ltr'>Floriferis</span> <span class='ocrx_word' id='word_1_74' title='bbox 495 1274 526 1318; x_wconf 94' lang='lat' dir='ltr'>ut</span> <span class='ocrx_word' id='word_1_75' title='bbox 538 1283 600 1335; x_wconf 86' lang='lat' dir='ltr'>apes</span> <span class='ocrx_word' id='word_1_76' title='bbox 612 1266 641 1318; x_wconf 91' lang='lat' dir='ltr'>in</span> <span class='ocrx_word' id='word_1_77' title='bbox 653 1265 763 1319; x_wconf 82' lang='lat' dir='ltr'>saltibus</span> <span class='ocrx_word' id='word_1_78' title='bbox 777 1265 867 1318; x_wconf 92' lang='lat' dir='ltr'>omnia</span> <span class='ocrx_word' id='word_1_79' title='bbox 878 1264 980 1326; x_wconf 91' lang='lat' dir='ltr'>limant,</span> 
     </span>
    </p>

    <p class='ocr_par' dir='ltr' id='par_1_6' title="bbox 353 1349 978 1420">
     <span class='ocr_line' id='line_1_12' title="bbox 353 1349 978 1420; baseline -0.006 -15"><span class='ocrx_word' id='word_1_80' title='bbox 353 1349 451 1405; x_wconf 85' lang='lat' dir='ltr'>Omnia</span> <span class='ocrx_word' id='word_1_81' title='bbox 462 1369 512 1405; x_wconf 94' lang='lat' dir='ltr'>nos</span> <span class='ocrx_word' id='word_1_82' title='bbox 524 1350 616 1404; x_wconf 88' lang='lat' dir='ltr'>itidem</span> <span class='ocrx_word' id='word_1_83' title='bbox 628 1350 796 1420; x_wconf 86' lang='lat' dir='ltr'>depascimur</span> <span class='ocrx_word' id='word_1_84' title='bbox 807 1367 886 1403; x_wconf 85' lang='lat' dir='ltr'>aurea</span> <span class='ocrx_word' id='word_1_85' title='bbox 899 1349 978 1412; x_wconf 77' lang='lat' dir='ltr'>dicta,</span> 
     </span>
    </p>
   </div>
   <div class='ocr_carea' id='block_1_3' title="bbox 157 1436 1259 1888">
    <p class='ocr_par' dir='ltr' id='par_1_7' title="bbox 157 1436 1259 1888">
     <span class='ocr_line' id='line_1_13' title="bbox 351 1436 946 1508; baseline -0.003 -17"><span class='ocrx_word' id='word_1_86' title='bbox 351 1439 447 1502; x_wconf 84' lang='lat' dir='ltr'>Aurea,</span> <span class='ocrx_word' id='word_1_87' title='bbox 460 1445 587 1508; x_wconf 83' lang='lat' dir='ltr'>perpetua</span> <span class='ocrx_word' id='word_1_88' title='bbox 599 1455 703 1507; x_wconf 86' lang='lat' dir='ltr'>semper</span> <span class='ocrx_word' id='word_1_89' title='bbox 715 1436 872 1507; x_wconf 80' lang='lat' dir='ltr'>dignissima</span> <span class='ocrx_word' id='word_1_90' title='bbox 883 1437 946 1490; x_wconf 84' lang='lat' dir='ltr'>vita.</span> 
     </span>
     <span class='ocr_line' id='line_1_14' title="bbox 264 1558 1259 1658; baseline -0.003 -22"><span class='ocrx_word' id='word_1_91' title='bbox 264 1558 381 1638; x_wconf 81' lang='lat' dir='ltr'>Etiam</span> <span class='ocrx_word' id='word_1_92' title='bbox 397 1569 434 1636; x_wconf 90' lang='lat' dir='ltr'>in</span> <span class='ocrx_word' id='word_1_93' title='bbox 447 1565 599 1658; x_wconf 88' lang='lat' dir='ltr'>quodam</span> <span class='ocrx_word' id='word_1_94' title='bbox 619 1589 683 1636; x_wconf 91' lang='lat' dir='ltr'>suo</span> <span class='ocrx_word' id='word_1_95' title='bbox 700 1564 840 1657; x_wconf 84' lang='lat' dir='ltr'>epilogo</span> <span class='ocrx_word' id='word_1_96' title='bbox 858 1576 1011 1634; x_wconf 91' lang='lat' dir='ltr'>mortem</span> <span class='ocrx_word' id='word_1_97' title='bbox 1030 1572 1259 1634; x_wconf 63' lang='lat' dir='ltr'>contemnem</span> 
     </span>
     <span class='ocr_line' id='line_1_15' title="bbox 157 1673 1258 1771; baseline -0.001 -22"><span class='ocrx_word' id='word_1_98' title='bbox 157 1673 293 1750; x_wconf 53' lang='lat' dir='ltr'>(iam</span> <span class='ocrx_word' id='word_1_99' title='bbox 319 1703 395 1751; x_wconf 88' lang='lat' dir='ltr'>esse</span> <span class='ocrx_word' id='word_1_100' title='bbox 421 1683 535 1762; x_wconf 89' lang='lat' dir='ltr'>docet,</span> <span class='ocrx_word' id='word_1_101' title='bbox 553 1681 719 1771; x_wconf 88' lang='lat' dir='ltr'>quoniam</span> <span class='ocrx_word' id='word_1_102' title='bbox 737 1679 881 1759; x_wconf 84' lang='lat' dir='ltr'>scilicet,</span> <span class='ocrx_word' id='word_1_103' title='bbox 900 1690 1027 1771; x_wconf 87' lang='lat' dir='ltr'>praeter</span> <span class='ocrx_word' id='word_1_104' title='bbox 1048 1679 1258 1759; x_wconf 83' lang='lat' dir='ltr'>Homerum,</span> 
     </span>
     <span class='ocr_line' id='line_1_16' title="bbox 168 1795 603 1888; baseline 0.002 -26"><span class='ocrx_word' id='word_1_105' title='bbox 168 1804 424 1888; x_wconf 58' lang='lat' dir='ltr'>Qaeterosque</span> <span class='ocrx_word' id='word_1_106' title='bbox 440 1795 565 1864; x_wconf 88' lang='lat' dir='ltr'>heroas</span> <span class='ocrx_word' id='word_1_107' title='bbox 576 1798 603 1874; x_wconf 67' lang='lat'>⁸,</span> 
     </span>
    </p>
   </div>
   <div class='ocr_carea' id='block_1_4' title="bbox 213 1935 1269 3918">
    <p class='ocr_par' dir='ltr' id='par_1_8' title="bbox 288 1935 1086 2193">
     <span class='ocr_line' id='line_1_17' title="bbox 288 1935 947 2007; baseline -0.002 -16"><span class='ocrx_word' id='word_1_108' title='bbox 288 1957 300 1983; x_wconf 69' lang='grc' dir='ltr'><em>ο</em></span> <span class='ocrx_word' id='word_1_109' title='bbox 352 1938 413 2006; x_wconf 87' lang='lat' dir='ltr'>Ipse</span> <span class='ocrx_word' id='word_1_110' title='bbox 425 1939 558 2007; x_wconf 78' lang='lat' dir='ltr'>Epicurus</span> <span class='ocrx_word' id='word_1_111' title='bbox 571 1937 627 1992; x_wconf 89' lang='lat' dir='ltr'>obit</span> <span class='ocrx_word' id='word_1_112' title='bbox 640 1936 753 1991; x_wconf 83' lang='lat' dir='ltr'>decurso</span> <span class='ocrx_word' id='word_1_113' title='bbox 765 1935 866 1990; x_wconf 87' lang='lat' dir='ltr'>lumine</span> <span class='ocrx_word' id='word_1_114' title='bbox 878 1936 947 2000; x_wconf 78' lang='lat' dir='ltr'>vitea,</span> 
     </span>
     <span class='ocr_line' id='line_1_18' title="bbox 353 2023 1086 2094; baseline -0.004 -15"><span class='ocrx_word' id='word_1_115' title='bbox 353 2023 408 2081; x_wconf 79' lang='lat' dir='ltr'>Qui</span> <span class='ocrx_word' id='word_1_116' title='bbox 419 2040 506 2093; x_wconf 83' lang='lat' dir='ltr'>genus</span> <span class='ocrx_word' id='word_1_117' title='bbox 518 2023 668 2077; x_wconf 80' lang='lat' dir='ltr'>humanum</span> <span class='ocrx_word' id='word_1_118' title='bbox 680 2023 788 2094; x_wconf 80' lang='lat' dir='ltr'>ingenio</span> <span class='ocrx_word' id='word_1_119' title='bbox 801 2023 943 2091; x_wconf 85' lang='lat' dir='ltr'>superavit,</span> <span class='ocrx_word' id='word_1_120' title='bbox 956 2031 981 2076; x_wconf 87' lang='lat' dir='ltr'>et</span> <span class='ocrx_word' id='word_1_121' title='bbox 994 2039 1086 2076; x_wconf 83' lang='lat' dir='ltr'>omnes</span> 
     </span>
     <span class='ocr_line' id='line_1_19' title="bbox 353 2108 995 2193; baseline -0.003 -29"><span class='ocrx_word' id='word_1_122' title='bbox 353 2109 514 2193; x_wconf 83' lang='lat' dir='ltr'>Praestinxit,</span> <span class='ocrx_word' id='word_1_123' title='bbox 527 2111 616 2164; x_wconf 83' lang='lat' dir='ltr'>stellas</span> <span class='ocrx_word' id='word_1_124' title='bbox 628 2117 736 2163; x_wconf 84' lang='lat' dir='ltr'>exortus</span> <span class='ocrx_word' id='word_1_125' title='bbox 749 2109 790 2162; x_wconf 92' lang='lat' dir='ltr'>uti</span> <span class='ocrx_word' id='word_1_126' title='bbox 801 2109 926 2163; x_wconf 84' lang='lat' dir='ltr'>aetherius</span> <span class='ocrx_word' id='word_1_127' title='bbox 940 2108 995 2162; x_wconf 86' lang='lat' dir='ltr'>Sol.</span> 
     </span>
    </p>

    <p class='ocr_par' dir='ltr' id='par_1_9' title="bbox 213 2230 1266 3127">
     <span class='ocr_line' id='line_1_20' title="bbox 262 2230 1262 2331; baseline 0.001 -24"><span class='ocrx_word' id='word_1_128' title='bbox 262 2234 441 2330; x_wconf 84' lang='lat' dir='ltr'>Equidem</span> <span class='ocrx_word' id='word_1_129' title='bbox 458 2239 596 2330; x_wconf 86' lang='lat' dir='ltr'>quoties</span> <span class='ocrx_word' id='word_1_130' title='bbox 614 2240 671 2310; x_wconf 89' lang='lat' dir='ltr'>vel</span> <span class='ocrx_word' id='word_1_131' title='bbox 692 2241 786 2331; x_wconf 92' lang='lat' dir='ltr'>apud</span> <span class='ocrx_word' id='word_1_132' title='bbox 804 2232 992 2309; x_wconf 88' lang='lat' dir='ltr'>Platonem</span> <span class='ocrx_word' id='word_1_133' title='bbox 1012 2231 1186 2329; x_wconf 85' lang='lat' dir='ltr'>Sophistae</span> <span class='ocrx_word' id='word_1_134' title='bbox 1205 2230 1262 2308; x_wconf 86' lang='lat' dir='ltr'>vel</span> 
     </span>
     <span class='ocr_line' id='line_1_21' title="bbox 214 2352 1264 2446; baseline -0.006 -22"><span class='ocrx_word' id='word_1_135' title='bbox 214 2357 305 2446; x_wconf 87' lang='lat' dir='ltr'>apud</span> <span class='ocrx_word' id='word_1_136' title='bbox 333 2354 542 2424; x_wconf 80' lang='lat' dir='ltr'>Ciceronem</span> <span class='ocrx_word' id='word_1_137' title='bbox 575 2355 740 2446; x_wconf 82' lang='lat' dir='ltr'>Epicurei</span> <span class='ocrx_word' id='word_1_138' title='bbox 769 2361 901 2423; x_wconf 90' lang='lat' dir='ltr'>canunt</span> <span class='ocrx_word' id='word_1_139' title='bbox 932 2353 976 2421; x_wconf 88' lang='lat' dir='ltr'>de</span> <span class='ocrx_word' id='word_1_140' title='bbox 1005 2352 1163 2443; x_wconf 88' lang='lat' dir='ltr'>patronis</span> <span class='ocrx_word' id='word_1_141' title='bbox 1193 2352 1264 2419; x_wconf 88' lang='lat' dir='ltr'>suis</span> 
     </span>
     <span class='ocr_line' id='line_1_22' title="bbox 214 2467 1263 2560; baseline -0.005 -22"><span class='ocrx_word' id='word_1_142' title='bbox 214 2469 385 2560; x_wconf 91' lang='lat' dir='ltr'>ejusmodi</span> <span class='ocrx_word' id='word_1_143' title='bbox 411 2468 614 2551; x_wconf 90' lang='lat' dir='ltr'>cantilenas,</span> <span class='ocrx_word' id='word_1_144' title='bbox 632 2492 706 2538; x_wconf 90' lang='lat' dir='ltr'>rem</span> <span class='ocrx_word' id='word_1_145' title='bbox 733 2468 838 2560; x_wconf 87' lang='lat' dir='ltr'>plane</span> <span class='ocrx_word' id='word_1_146' title='bbox 864 2467 1047 2536; x_wconf 88' lang='lat' dir='ltr'>ridiculam</span> <span class='ocrx_word' id='word_1_147' title='bbox 1072 2475 1110 2534; x_wconf 91' lang='lat' dir='ltr'>et</span> <span class='ocrx_word' id='word_1_148' title='bbox 1129 2467 1263 2535; x_wconf 87' lang='lat' dir='ltr'>fatuam</span> 
     </span>
     <span class='ocr_line' id='line_1_23' title="bbox 214 2581 1266 2677; baseline -0.006 -23"><span class='ocrx_word' id='word_1_149' title='bbox 214 2606 288 2654; x_wconf 85' lang='lat' dir='ltr'>esse</span> <span class='ocrx_word' id='word_1_150' title='bbox 304 2582 488 2677; x_wconf 84' lang='lat' dir='ltr'>intelligo;</span> <span class='ocrx_word' id='word_1_151' title='bbox 514 2585 645 2676; x_wconf 89' lang='lat' dir='ltr'>quippe</span> <span class='ocrx_word' id='word_1_152' title='bbox 663 2608 744 2675; x_wconf 90' lang='lat' dir='ltr'>quae</span> <span class='ocrx_word' id='word_1_153' title='bbox 766 2585 859 2674; x_wconf 87' lang='lat' dir='ltr'>apud</span> <span class='ocrx_word' id='word_1_154' title='bbox 878 2581 1043 2651; x_wconf 85' lang='lat' dir='ltr'>ridiculos</span> <span class='ocrx_word' id='word_1_155' title='bbox 1061 2590 1186 2674; x_wconf 87' lang='lat' dir='ltr'>agatur</span> <span class='ocrx_word' id='word_1_156' title='bbox 1203 2581 1266 2648; x_wconf 92' lang='lat' dir='ltr'>ho-</span> 
     </span>
     <span class='ocr_line' id='line_1_24' title="bbox 213 2695 1264 2777; baseline -0.005 -10"><span class='ocrx_word' id='word_1_157' title='bbox 213 2701 335 2771; x_wconf 76' lang='lat' dir='ltr'>mines,</span> <span class='ocrx_word' id='word_1_158' title='bbox 388 2698 527 2771; x_wconf 88' lang='lat' dir='ltr'>Verum</span> <span class='ocrx_word' id='word_1_159' title='bbox 553 2700 613 2769; x_wconf 92' lang='lat' dir='ltr'>ubi</span> <span class='ocrx_word' id='word_1_160' title='bbox 641 2708 788 2770; x_wconf 87' lang='lat' dir='ltr'>ventum</span> <span class='ocrx_word' id='word_1_161' title='bbox 805 2709 859 2769; x_wconf 87' lang='lat' dir='ltr'>est</span> <span class='ocrx_word' id='word_1_162' title='bbox 878 2699 922 2766; x_wconf 90' lang='lat' dir='ltr'>ad</span> <span class='ocrx_word' id='word_1_163' title='bbox 941 2697 1159 2777; x_wconf 84' lang='lat' dir='ltr'>Lucretium,</span> <span class='ocrx_word' id='word_1_164' title='bbox 1177 2695 1264 2763; x_wconf 86' lang='lat' dir='ltr'>nihil</span> 
     </span>
     <span class='ocr_line' id='line_1_25' title="bbox 213 2815 1265 2908; baseline -0.005 -24"><span class='ocrx_word' id='word_1_165' title='bbox 213 2815 299 2885; x_wconf 91' lang='lat' dir='ltr'>mihi</span> <span class='ocrx_word' id='word_1_166' title='bbox 318 2817 462 2908; x_wconf 90' lang='lat' dir='ltr'>quidem</span> <span class='ocrx_word' id='word_1_167' title='bbox 488 2815 591 2885; x_wconf 86' lang='lat' dir='ltr'>facile</span> <span class='ocrx_word' id='word_1_168' title='bbox 614 2817 651 2883; x_wconf 90' lang='lat' dir='ltr'>in</span> <span class='ocrx_word' id='word_1_169' title='bbox 675 2826 833 2884; x_wconf 87' lang='lat' dir='ltr'>mentem</span> <span class='ocrx_word' id='word_1_170' title='bbox 851 2815 958 2894; x_wconf 87' lang='lat' dir='ltr'>venit,</span> <span class='ocrx_word' id='word_1_171' title='bbox 977 2815 1043 2882; x_wconf 89' lang='lat' dir='ltr'>uisi</span> <span class='ocrx_word' id='word_1_172' title='bbox 1067 2824 1108 2881; x_wconf 88' lang='lat' dir='ltr'>ut</span> <span class='ocrx_word' id='word_1_173' title='bbox 1131 2821 1265 2903; x_wconf 89' lang='lat' dir='ltr'>putem,</span> 
     </span>
     <span class='ocr_line' id='line_1_26' title="bbox 214 2928 1264 3021; baseline -0.008 -20"><span class='ocrx_word' id='word_1_174' title='bbox 214 2954 283 3021; x_wconf 88' lang='lat' dir='ltr'>qua</span> <span class='ocrx_word' id='word_1_175' title='bbox 308 2940 384 3000; x_wconf 86' lang='lat' dir='ltr'>erat</span> <span class='ocrx_word' id='word_1_176' title='bbox 406 2928 467 3000; x_wconf 92' lang='lat' dir='ltr'>ille</span> <span class='ocrx_word' id='word_1_177' title='bbox 489 2930 541 2999; x_wconf 88' lang='lat' dir='ltr'>vir</span> <span class='ocrx_word' id='word_1_178' title='bbox 558 2931 794 3015; x_wconf 88' lang='lat' dir='ltr'>vehementia,</span> <span class='ocrx_word' id='word_1_179' title='bbox 816 2940 931 2999; x_wconf 89' lang='lat' dir='ltr'>totum</span> <span class='ocrx_word' id='word_1_180' title='bbox 957 2953 994 2999; x_wconf 85' lang='lat' dir='ltr'>se</span> <span class='ocrx_word' id='word_1_181' title='bbox 1022 2929 1158 2998; x_wconf 85' lang='lat' dir='ltr'>dedisse</span> <span class='ocrx_word' id='word_1_182' title='bbox 1182 2949 1264 2995; x_wconf 89' lang='lat' dir='ltr'>eum</span> 
     </span>
     <span class='ocr_line' id='line_1_27' title="bbox 215 3043 1230 3127; baseline -0.006 -13"><span class='ocrx_word' id='word_1_183' title='bbox 215 3047 349 3116; x_wconf 86' lang='lat' dir='ltr'>somnio</span> <span class='ocrx_word' id='word_1_184' title='bbox 368 3048 509 3116; x_wconf 91' lang='lat' dir='ltr'>cuidam</span> <span class='ocrx_word' id='word_1_185' title='bbox 527 3069 600 3127; x_wconf 91' lang='lat' dir='ltr'>suo,</span> <span class='ocrx_word' id='word_1_186' title='bbox 617 3047 708 3116; x_wconf 88' lang='lat' dir='ltr'>sicut</span> <span class='ocrx_word' id='word_1_187' title='bbox 725 3068 802 3114; x_wconf 91' lang='lat' dir='ltr'>mos</span> <span class='ocrx_word' id='word_1_188' title='bbox 822 3054 876 3114; x_wconf 87' lang='lat' dir='ltr'>est</span> <span class='ocrx_word' id='word_1_189' title='bbox 893 3045 1005 3113; x_wconf 84' lang='lat' dir='ltr'>ferme</span> <span class='ocrx_word' id='word_1_190' title='bbox 1023 3043 1230 3114; x_wconf 85' lang='lat' dir='ltr'>amentium.</span> 
     </span>
    </p>

    <p class='ocr_par' dir='ltr' id='par_1_10' title="bbox 216 3158 1269 3918">
     <span class='ocr_line' id='line_1_28' title="bbox 269 3158 1267 3239; baseline -0.009 -8"><span class='ocrx_word' id='word_1_191' title='bbox 269 3159 411 3231; x_wconf 88' lang='lat' dir='ltr'>Deinde</span> <span class='ocrx_word' id='word_1_192' title='bbox 444 3161 533 3231; x_wconf 93' lang='lat' dir='ltr'>illud</span> <span class='ocrx_word' id='word_1_193' title='bbox 568 3161 921 3230; x_wconf 86' lang='lat' dir='ltr'>animadvertendum</span> <span class='ocrx_word' id='word_1_194' title='bbox 956 3160 1116 3239; x_wconf 80' lang='lat' dir='ltr'>arbitror,</span> <span class='ocrx_word' id='word_1_195' title='bbox 1147 3158 1267 3224; x_wconf 90' lang='lat' dir='ltr'>omnia</span> 
     </span>
     <span class='ocr_line' id='line_1_29' title="bbox 217 3272 1267 3366; baseline -0.008 -20"><span class='ocrx_word' id='word_1_196' title='bbox 217 3277 336 3346; x_wconf 89' lang='lat' dir='ltr'>durius</span> <span class='ocrx_word' id='word_1_197' title='bbox 354 3278 398 3345; x_wconf 90' lang='lat' dir='ltr'>ab</span> <span class='ocrx_word' id='word_1_198' title='bbox 418 3298 461 3344; x_wconf 92' lang='lat' dir='ltr'>eo</span> <span class='ocrx_word' id='word_1_199' title='bbox 480 3285 517 3344; x_wconf 87' lang='lat' dir='ltr'>et</span> <span class='ocrx_word' id='word_1_200' title='bbox 535 3277 749 3366; x_wconf 84' lang='lat' dir='ltr'>pertinacius</span> <span class='ocrx_word' id='word_1_201' title='bbox 767 3274 909 3342; x_wconf 84' lang='lat' dir='ltr'>defendi</span> <span class='ocrx_word' id='word_1_202' title='bbox 934 3272 1056 3353; x_wconf 86' lang='lat' dir='ltr'>solere,</span> <span class='ocrx_word' id='word_1_203' title='bbox 1075 3293 1181 3362; x_wconf 89' lang='lat' dir='ltr'>quam</span> <span class='ocrx_word' id='word_1_204' title='bbox 1205 3294 1267 3360; x_wconf 86' lang='lat' dir='ltr'>pro</span> 
     </span>
     <span class='ocr_line' id='line_1_30' title="bbox 217 3385 1269 3481; baseline -0.006 -23"><span class='ocrx_word' id='word_1_205' title='bbox 217 3393 403 3472; x_wconf 88' lang='lat' dir='ltr'>rationum,</span> <span class='ocrx_word' id='word_1_206' title='bbox 418 3413 503 3481; x_wconf 85' lang='lat' dir='ltr'>quas</span> <span class='ocrx_word' id='word_1_207' title='bbox 522 3390 694 3471; x_wconf 89' lang='lat' dir='ltr'>attulerit,</span> <span class='ocrx_word' id='word_1_208' title='bbox 713 3390 767 3458; x_wconf 89' lang='lat' dir='ltr'>vi:</span> <span class='ocrx_word' id='word_1_209' title='bbox 795 3390 934 3458; x_wconf 86' lang='lat' dir='ltr'>infirma</span> <span class='ocrx_word' id='word_1_210' title='bbox 951 3412 1032 3456; x_wconf 92' lang='lat' dir='ltr'>cum</span> <span class='ocrx_word' id='word_1_211' title='bbox 1051 3386 1186 3465; x_wconf 88' lang='lat' dir='ltr'>validis,</span> <span class='ocrx_word' id='word_1_212' title='bbox 1206 3385 1269 3453; x_wconf 86' lang='lat' dir='ltr'>du-</span> 
     </span>
     <span class='ocr_line' id='line_1_31' title="bbox 216 3501 1268 3586; baseline -0.007 -12"><span class='ocrx_word' id='word_1_213' title='bbox 216 3505 273 3574; x_wconf 88' lang='lat' dir='ltr'>bia</span> <span class='ocrx_word' id='word_1_214' title='bbox 302 3529 385 3575; x_wconf 91' lang='lat' dir='ltr'>cum</span> <span class='ocrx_word' id='word_1_215' title='bbox 413 3507 527 3586; x_wconf 77' lang='lat' dir='ltr'>certia,</span> <span class='ocrx_word' id='word_1_216' title='bbox 556 3507 756 3575; x_wconf 91' lang='lat' dir='ltr'>mirandum</span> <span class='ocrx_word' id='word_1_217' title='bbox 785 3506 822 3572; x_wconf 94' lang='lat' dir='ltr'>in</span> <span class='ocrx_word' id='word_1_218' title='bbox 855 3504 1000 3573; x_wconf 90' lang='lat' dir='ltr'>modum</span> <span class='ocrx_word' id='word_1_219' title='bbox 1031 3501 1199 3571; x_wconf 87' lang='lat' dir='ltr'>confundi</span> <span class='ocrx_word' id='word_1_220' title='bbox 1231 3507 1268 3568; x_wconf 87' lang='lat' dir='ltr'>et</span> 
     </span>
     <span class='ocr_line' id='line_1_32' title="bbox 217 3616 1267 3711; baseline -0.007 -23"><span class='ocrx_word' id='word_1_221' title='bbox 217 3621 454 3690; x_wconf 86' lang='lat' dir='ltr'>commisceri:</span> <span class='ocrx_word' id='word_1_222' title='bbox 486 3619 591 3711; x_wconf 88' lang='lat' dir='ltr'>plane</span> <span class='ocrx_word' id='word_1_223' title='bbox 617 3622 715 3710; x_wconf 86' lang='lat' dir='ltr'>quasi</span> <span class='ocrx_word' id='word_1_224' title='bbox 748 3626 965 3711; x_wconf 84' lang='lat' dir='ltr'>argumenta,</span> <span class='ocrx_word' id='word_1_225' title='bbox 990 3626 1031 3685; x_wconf 91' lang='lat' dir='ltr'>ut</span> <span class='ocrx_word' id='word_1_226' title='bbox 1059 3616 1169 3694; x_wconf 84' lang='lat' dir='ltr'>aiunt,</span> <span class='ocrx_word' id='word_1_227' title='bbox 1197 3637 1267 3682; x_wconf 91' lang='lat' dir='ltr'>non</span> 
     </span>
     <span class='ocr_line' id='line_1_33' title="bbox 217 3725 1267 3824; baseline -0.009 -21"><span class='ocrx_word' id='word_1_228' title='bbox 217 3735 371 3824; x_wconf 89' lang='lat' dir='ltr'>pondere</span> <span class='ocrx_word' id='word_1_229' title='bbox 392 3735 454 3804; x_wconf 88' lang='lat' dir='ltr'>sed</span> <span class='ocrx_word' id='word_1_230' title='bbox 480 3725 626 3805; x_wconf 87' lang='lat' dir='ltr'>numero</span> <span class='ocrx_word' id='word_1_231' title='bbox 648 3736 819 3815; x_wconf 59' lang='lat' dir='ltr'>aestimem</span> <span class='ocrx_word' id='word_1_232' title='bbox 841 3756 923 3802; x_wconf 90' lang='lat' dir='ltr'>cum</span> <span class='ocrx_word' id='word_1_233' title='bbox 941 3741 1061 3801; x_wconf 90' lang='lat' dir='ltr'>tamen</span> <span class='ocrx_word' id='word_1_234' title='bbox 1088 3730 1267 3798; x_wconf 88' lang='lat' dir='ltr'>neminem</span> 
     </span>
     <span class='ocr_line' id='line_1_34' title="bbox 219 3844 1266 3918; baseline -0.009 0"><span class='ocrx_word' id='word_1_235' title='bbox 219 3847 328 3918; x_wconf 84' lang='lat' dir='ltr'>ferme</span> <span class='ocrx_word' id='word_1_236' title='bbox 362 3851 521 3918; x_wconf 90' lang='lat' dir='ltr'>omnium</span> <span class='ocrx_word' id='word_1_237' title='bbox 559 3850 596 3917; x_wconf 90' lang='lat' dir='ltr'>in</span> <span class='ocrx_word' id='word_1_238' title='bbox 634 3849 688 3918; x_wconf 93' lang='lat' dir='ltr'>his</span> <span class='ocrx_word' id='word_1_239' title='bbox 723 3849 827 3917; x_wconf 88' lang='lat' dir='ltr'>rebus</span> <span class='ocrx_word' id='word_1_240' title='bbox 864 3847 1058 3915; x_wconf 86' lang='lat' dir='ltr'>acutiorem</span> <span class='ocrx_word' id='word_1_241' title='bbox 1099 3844 1266 3913; x_wconf 87' lang='lat' dir='ltr'>invenias.</span> 
     </span>
    </p>
   </div>
   <div class='ocr_carea' id='block_1_5' title="bbox 220 3959 1269 4171">
    <p class='ocr_par' dir='ltr' id='par_1_11' title="bbox 220 3959 1269 4171">
     <span class='ocr_line' id='line_1_35' title="bbox 220 3959 1267 4055; baseline -0.007 -23"><span class='ocrx_word' id='word_1_242' title='bbox 220 3961 348 4033; x_wconf 89' lang='lat' dir='ltr'>Omnia</span> <span class='ocrx_word' id='word_1_243' title='bbox 373 3966 449 4055; x_wconf 87' lang='lat' dir='ltr'>pari</span> <span class='ocrx_word' id='word_1_244' title='bbox 478 3965 588 4034; x_wconf 88' lang='lat' dir='ltr'>ferme</span> <span class='ocrx_word' id='word_1_245' title='bbox 612 3964 836 4044; x_wconf 86' lang='lat' dir='ltr'>confidentia,</span> <span class='ocrx_word' id='word_1_246' title='bbox 854 3985 900 4029; x_wconf 87' lang='lat' dir='ltr'>ne</span> <span class='ocrx_word' id='word_1_247' title='bbox 922 3960 1036 4030; x_wconf 90' lang='lat' dir='ltr'>dicam</span> <span class='ocrx_word' id='word_1_248' title='bbox 1055 3959 1267 4038; x_wconf 84' lang='lat' dir='ltr'>temeritate,</span> 
     </span>
     <span class='ocr_line' id='line_1_36' title="bbox 221 4073 1269 4171; baseline -0.006 -26"><span class='ocrx_word' id='word_1_249' title='bbox 221 4078 315 4149; x_wconf 84' lang='lat' dir='ltr'>velut</span> <span class='ocrx_word' id='word_1_250' title='bbox 342 4102 389 4148; x_wconf 87' lang='lat' dir='ltr'>ex</span> <span class='ocrx_word' id='word_1_251' title='bbox 418 4081 556 4171; x_wconf 88' lang='lat' dir='ltr'>tripode</span> <span class='ocrx_word' id='word_1_252' title='bbox 581 4079 757 4161; x_wconf 88' lang='lat' dir='ltr'>vaticinia,</span> <span class='ocrx_word' id='word_1_253' title='bbox 784 4077 998 4168; x_wconf 87' lang='lat' dir='ltr'>pronuntiat.</span> <span class='ocrx_word' id='word_1_254' title='bbox 1052 4074 1133 4142; x_wconf 90' lang='lat' dir='ltr'>Nec</span> <span class='ocrx_word' id='word_1_255' title='bbox 1164 4073 1269 4140; x_wconf 91' lang='lat' dir='ltr'>dubie</span> 
     </span>
    </p>
   </div>
   <div class='ocr_carea' id='block_1_6' title="bbox 624 4305 870 4372">
    <p class='ocr_par' dir='ltr' id='par_1_12' title="bbox 624 4305 870 4372">
     <span class='ocr_line' id='line_1_37' title="bbox 624 4305 870 4372; baseline 0.012 -20"><span class='ocrx_word' id='word_1_256' title='bbox 624 4315 639 4352; x_wconf 82' lang='lat' dir='ltr'>r</span> <span class='ocrx_word' id='word_1_257' title='bbox 659 4305 737 4358; x_wconf 89' lang='lat' dir='ltr'>Lucr.</span> <span class='ocrx_word' id='word_1_258' title='bbox 752 4321 777 4372; x_wconf 80' lang='lat'>3.</span> <span class='ocrx_word' id='word_1_259' title='bbox 794 4317 870 4372; x_wconf 83' lang='lat'>1055.</span> 
     </span>
    </p>
   </div>
   <div class='ocr_carea' id='block_1_7' title="bbox 699 4400 803 4483">
    <p class='ocr_par' dir='ltr' id='par_1_13' title="bbox 699 4400 803 4483">
     <span class='ocr_line' id='line_1_38' title="bbox 699 4400 803 4483; baseline 0.01 -23"><span class='ocrx_word' id='word_1_260' title='bbox 699 4400 803 4483; x_wconf 79' lang='lat' dir='ltr'>ry2</span> 
     </span>
    </p>
   </div>
   <div class='ocr_carea' id='block_1_8' title="bbox 0 0 1399 4876">
    <p class='ocr_par' dir='ltr' id='par_1_14' title="bbox 0 0 1399 4876">
     <span class='ocr_line' id='line_1_39' title="bbox 0 0 1399 4876; baseline 0 0"><span class='ocrx_word' id='word_1_261' title='bbox 0 0 1399 4876; x_wconf 95' lang='lat' dir='ltr'> </span> 
     </span>
    </p>
   </div>
  </div>
 </body>
</html>
