2768 4876
206 323 270 390 620
483 326 580 390 Ruris
595 326 764 390 amantium
779 327 837 390 dno
848 347 958 411 genera
1054 349 1162 390 >aaran
1176 351 1254 391 xxx.

206 519 275 589 qne
301 498 444 567 taudem
470 521 600 590 genere
625 499 716 568 bene
742 522 782 568 ac
804 500 945 591 penitus
968 506 1131 583 tentat03
1160 503 1252 594 quod

205 613 377 704 reliquum
406 621 492 693 erat,
519 614 651 706 recepit
678 637 714 683 se
740 623 824 683 aetas
849 615 957 684 serior
981 615 1017 683 in
1044 637 1128 684 eum
1147 638 1253 706 quem

205 730 278 798 dixi
297 738 449 820 portum,
468 737 602 798 naturae
619 737 657 797 et
675 729 803 797 amoeni
822 730 920 799 ruris.

254 842 377 935 Atque
395 845 472 936 ejus
487 844 586 934 quasi
604 843 696 935 fugae
714 844 822 913 futuri
842 853 941 913 erant
959 846 1159 937 participes,
1176 870 1253 939 par-

205 963 270 1031 tim
292 959 472 1029 Homerici
491 971 529 1028 et
545 959 720 1051 negotiosi
739 959 910 1042 homines,
928 962 1066 1054 fatigati
1085 961 1251 1032 videlieet

205 1099 267 1146 seu
293 1075 421 1145 militia
446 1076 519 1144 sive
545 1074 735 1167 republica,
762 1077 889 1167 partim
916 1077 1104 1169 AEschylei,
1131 1076 1251 1161 (modo
1314 1068 1329 1073 ’

205 1193 257 1262 fas
274 1194 320 1262 sit
338 1193 388 1261 ita
405 1191 611 1283 nominare)
629 1214 716 1282 quos
734 1192 825 1261 forte
836 1192 974 1283 jamdiu
993 1193 1141 1263 taederet
1159 1196 1251 1288 cogi-

204 1309 348 1378 tationis
371 1331 467 1401 vagae
496 1332 537 1377 ac
568 1308 727 1387 turbidae,
754 1331 836 1377 cum
856 1307 938 1377 hinc
958 1306 1056 1378 illinc
1075 1310 1251 1401 jactaren-

205 1433 264 1494 tur
285 1423 407 1494 multis
432 1424 639 1517 magnisque
660 1422 791 1505 litibus,
810 1424 854 1493 de
877 1446 1016 1493 summa
1041 1448 1160 1495 rerum
1185 1427 1250 1496 hu·

203 1563 399 1624 manarum,
427 1541 558 1610 nullius
587 1540 741 1620 arbitrio,
772 1539 870 1608 nulla
898 1539 1059 1611 formula.
1112 1541 1251 1612 Harum

204 1657 414 1726 familiarum
441 1657 552 1726 altera
578 1655 755 1737 Lucretio,
779 1653 890 1725 altera
908 1654 1059 1748 Virgilio
1085 1657 1251 1726 convenit

204 1774 401 1842 mirandum
421 1774 458 1841 in
475 1773 631 1841 modum.
673 1771 855 1840 Nimirum
872 1771 939 1840 hac
951 1794 1022 1840 uua
1040 1795 1078 1841 re
1096 1775 1251 1842 maxime

204 1889 406 1957 continetur
431 1910 569 1956 summa
592 1886 815 1956 Lucretianae
834 1885 995 1970 Poeseos,
1012 1895 1054 1957 ut
1081 1890 1117 1956 in
1144 1888 1252 1958 ardua

205 2003 321 2074 omnia
349 2013 386 2072 et
420 2002 621 2095 longinqua,
650 2002 770 2094 procul
800 2025 885 2071 ase
915 2003 1056 2094 suisque
1089 1999 1250 2097 negotiis,

203 2119 313 2210 abripi
333 2127 370 2187 et
387 2117 511 2187 extolli
530 2141 567 2186 se
585 2118 676 2187 sinat
693 2117 794 2186 laetus
812 2127 920 2208 atque
938 2117 1064 2189 lubens
1082 2118 1250 2212 Scriptor.

346 2270 398 2325 His
410 2270 459 2324 tibi
470 2289 514 2325 me
525 2272 605 2326 rebus
618 2271 740 2343 quaedam
753 2271 842 2326 divina
853 2273 975 2343 voluptas

345 2357 468 2428 Percipit,
481 2366 559 2428 atque
571 2358 673 2422 horror,
686 2358 759 2429 quod
771 2359 809 2412 sie
822 2359 926 2413 Natura
936 2367 983 2413 tua
995 2360 1021 2414 vi

343 2445 412 2497 Tam
423 2444 563 2496 manifesta
575 2453 646 2513 patet
658 2463 690 2498 ex
703 2445 776 2498 omni
787 2454 861 2514 parte
873 2453 978 2500 retecta.

204 2573 290 2643 Non
316 2575 424 2666 gestit
450 2574 566 2655 mode,
589 2596 714 2642 arcana
739 2573 856 2665 palam
882 2575 978 2657 fieri;
1004 2599 1085 2659 non,
1104 2577 1251 2647 subtiles

204 2690 355 2759 feliciter
368 2690 503 2779 exquiri
522 2689 674 2757 rationes
687 2698 794 2780 atque
812 2693 935 2760 modos
952 2684 1092 2775 rerum3
1119 2695 1250 2763 nedum

203 2803 355 2895 hisquae
381 2803 491 2872 oculis
517 2805 692 2873 cernimus
715 2806 914 2875 adumbrari
936 2808 1053 2876 videat
1075 2815 1250 2878 aeternum

203 2942 452 3010 summumque
474 2919 561 2988 illud
581 2918 732 2989 Bonum.
786 2921 935 2990 Utinam
953 2922 1056 2992 vero!
1082 2926 1145 2994 sed
1164 2923 1251 2992 nihil

204 3036 276 3105 tale
306 3036 438 3127 cogitat
468 3035 664 3103 Lucretius.
720 3035 762 3105 Id
793 3038 899 3107 modo
929 3046 1054 3119 tentat,
1086 3039 1123 3107 id
1154 3041 1251 3130 cupit

204 3153 358 3245 agitque,
377 3159 417 3219 ut
435 3151 548 3220 anxiae
573 3173 613 3219 ae
639 3152 853 3243 perturbatae
870 3154 983 3222 menti
999 3153 1123 3223 afferre
1141 3156 1251 3247 possit

204 3268 400 3337 remedium
426 3265 577 3357 aliquod,
604 3267 678 3357 ipsa
704 3266 771 3336 hac
797 3269 920 3338 mundi
943 3269 1189 3361 magnitudine
1214 3279 1251 3339 et

204 3381 355 3451 mirabili
394 3383 510 3472 specie
548 3381 830 3473 contemplanda.
889 3381 978 3475 Agit
1012 3382 1073 3451 ille
1106 3385 1257 3474 quidem

206 3498 349 3590 Epicuri
375 3497 595 3589 discipulum,
615 3498 760 3588 ejusque
786 3499 850 3566 viri
877 3498 980 3568 dictis
1006 3521 1043 3568 se
1067 3499 1142 3568 fore
1169 3501 1251 3569 obe-

205 3614 373 3695 dientem,
399 3621 440 3682 ut
461 3614 521 3705 qui
548 3614 713 3695 maxime,
740 3637 814 3705 prae
845 3636 882 3683 se
911 3614 999 3683 fert:
1030 3616 1141 3683 immo
1169 3637 1251 3684 oon-

205 3729 420 3800 stantissime
451 3729 566 3808 docet,
596 3752 667 3796 non
696 3729 766 3798 alia
794 3730 970 3799 medicina
996 3753 1101 3820 quam
1132 3731 1251 3826 κυρίαις

204 3845 280 3936 ejus
306 3840 414 3935 δόξαις
439 3843 544 3913 levari
573 3867 674 3936 posse
699 3845 840 3915 morbos
867 3847 1073 3925 animarum,
1099 3846 1250 3937 vitaeque

204 3959 366 4028 humanae
395 3960 619 4030 incommoda
651 3983 693 4028 ac
726 3982 903 4029 moerores.
959 3958 1100 4029 Sentias
1129 3967 1250 4028 tamen

204 4077 301 4144 omni
327 4096 487 4144 sermone
508 4077 589 4168 augi
609 4098 650 4144 ac
675 4073 838 4144 fluctuari
863 4075 1054 4156 hominem,
1073 4074 1172 4144 velut
1190 4075 1249 4165 qui

205 4190 270 4259 sibi
295 4189 340 4259 sit
361 4192 529 4271 conscius,
547 4191 625 4261 loeo
649 4214 686 4261 se
707 4191 868 4261 insistere
890 4190 1025 4260 lubrico
1051 4213 1192 4282 prorsus
1213 4198 1248 4259 et
