2768 4876
167 303 231 366 484
240 300 420 366 Ρύιιόοιιιιο
430 299 605 386 montfortis,
616 321 740 386 οιαιιριιο
750 301 880 387 repulsis
887 303 1012 367 restire:
1024 324 1216 367 ruanxxrv.

219 470 349 563 Neque
366 494 449 541 vero
466 493 589 541 eorum
606 478 660 539 est
678 470 820 552 oblitus,
839 470 899 562 qui
919 493 1002 541 areu
1023 476 1061 539 et
1086 470 1218 562 sagitta

167 594 329 658 uertant:
356 588 422 656 etsi
446 608 570 656 vereor
596 592 639 655 ut
661 586 730 655 iste
756 585 861 656 ludus
888 608 1044 677 unquam
1072 586 1139 656 sibi
1165 585 1218 655 lo-

167 701 303 769 eumin
320 700 521 793 gymnasiis,
537 698 733 769 Hellenicis
751 699 895 790 quidem
914 707 1022 782 uerte,
1036 701 1217 769 meruerit.

168 815 241 884 Sed
254 822 375 884 tamen
392 816 564 905 ejusmodi
582 822 647 898 est,
664 824 706 884 ut
722 815 847 906 saepius
869 815 1001 907 iujeota
1017 816 1094 907 ejus
1119 838 1219 885 men·

167 930 219 999 tio
232 930 524 1023 significationem
541 929 672 1000 habeat
688 931 797 1000 animi
816 932 963 1002 minime
983 955 1004 1002 a
1025 930 1218 1024 gymnasti-

75 1101 77 1105 .
167 1046 217 1114 eis
238 1045 353 1115 alieni.
405 1045 540 1117 Videte
566 1046 676 1139 igitur
701 1069 746 1115 an
771 1046 849 1117 haeo
868 1070 1008 1140 quoque
1028 1048 1158 1117 cadant
1180 1047 1217 1114 in

168 1161 376 1231 hodiernam
395 1163 671 1254 disputationem
682 1171 729 1232 ¹¹¹:

378 1325 467 1378 πολλά
478 1346 522 1394 μοι
533 1323 576 1379 ὐπ’
588 1325 703 1396 ἀγκῶνος
715 1324 782 1378 ὢκέα
792 1323 863 1392 βελη

378 1412 451 1466 ἔνδον
463 1411 516 1466 ε’ντὶ
527 1410 660 1483 φαρέτρας
671 1451 677 1466 .
687 1452 694 1467 .
706 1451 730 1466 ..

377 1497 455 1569 ἔπεχε
467 1500 511 1551 νῦν
523 1499 614 1570 σκόπῳ
625 1497 711 1565 τόξον,
724 1496 771 1569 dyc
784 1498 857 1567 θύμε,
870 1497 926 1550 τίνα
938 1496 1072 1565 βάλλομεν

377 1584 406 1637 ἐκ
416 1583 548 1653 μαλθακᾶς
560 1583 620 1638 οὐτε
631 1586 728 1655 φρενὸς
740 1584 846 1640 εὐκλέας
857 1583 961 1640 ὀΐστούς
972 1582 1068 1647 isuram
1087 1582 1132 1637 ε’πέ
1142 1604 1182 1638 τοι

377 1671 532 1743 ’Δκράγαντι
543 1669 675 1737 τανύσαις,
687 1673 843 1742 αὐδάσομαι.

167 1811 338 1904 Ejusdem
370 1811 439 1882 looi
473 1819 568 1894 sunt,
598 1812 727 1904 quibus
757 1811 889 1902 alioqui
920 1833 957 1880 se
987 1811 1141 1893 cohibet,
1170 1833 1216 1880 na

165 1928 256 1999 forte
274 1929 420 1998 diversae
435 1934 473 1997 et
490 1926 598 1997 irritae
615 1926 836 1997 laudationes
852 1927 928 2019 ejus
944 1926 1075 1996 abeant
1087 1935 1116 2008 ¹¹,

378 2079 422 2148 έμέ
434 2078 456 2132 δ’
470 2078 545 2134 εὐθύν
555 2078 670 2134 ἀκόντων

379 2167 448 2222 ἱέντα
458 2165 559 2238 ῥόμβον
570 2167 641 2237 παρὰ
653 2168 753 2222 σκοπόν
763 2167 794 2220 οὐ
805 2166 857 2237 χρὴ

375 2254 408 2308 τὰ
419 2253 507 2308 πολλὰ
518 2252 601 2318 βέλεα
613 2252 744 2324 καρτύνειν
754 2255 851 2324 χεροῖν.

217 2401 289 2473 Sed
307 2402 424 2473 dehis
442 2403 526 2472 satis
543 2424 729 2494 superque.
781 2400 951 2493 Sequitur
972 2408 1014 2470 ut
1038 2400 1214 2493 proferam

166 2540 280 2611 pauoa
309 2518 483 2610 quaedam,
510 2539 660 2608 quorum
690 2541 733 2587 ea
760 2519 812 2587 vis
842 2516 920 2600 erit,
949 2525 991 2586 ut
1022 2516 1215 2587 Pindarum

166 2636 410 2704 demonstrent
436 2634 567 2702 mirum
592 2635 630 2702 in
655 2631 801 2703 modum
826 2655 908 2703 oum
934 2629 1079 2702 athletis
1104 2633 1216 2702 ferme

166 2749 309 2819 sentire.
362 2747 492 2830 Prima
519 2749 614 2838 quod
648 2748 692 2817 ad
727 2748 842 2840 ipsum
877 2745 1034 2816 laborem
1064 2746 1215 2828 attinet3

167 2862 366 2957 gratulatur
382 2864 523 2933 cuidam
540 2862 658 2955 aliquo
676 2863 713 2932 in
729 2862 818 2946 1000,
836 2862 1001 2954 quoniam
1012 2871 1029 2905 ⁰

311 3055 315 3065 ·
377 3024 527 3095 ἐξέπεμψεν
536 3025 724 3093 παλαισμάτων
735 3027 829 3095 αὐχενα
841 3021 883 3077 καὶ
895 3023 987 3079 σθένος
1000 3022 1156 3087 ἀδίαντον,

377 3109 466 3167 αἴθωνι
477 3112 540 3181 πρὶν
550 3110 615 3183 ἁλίῳ
626 3114 700 3182 γυῖον
711 3111 841 3179 έμπεσεῐν.

167 3247 275 3318 Ponit
296 3257 381 3318 ante
404 3248 524 3318 oeulos
545 3250 665 3342 fugam
693 3272 815 3320 eorum
835 3251 895 3341 qui
921 3249 1096 3342 repulsam
1122 3247 1215 3340 passi

168 3373 270 3447 sunt3
297 3387 367 3455 qua
383 3364 585 3458 ignominia,
600 3388 740 3458 quoque
758 3366 901 3458 pudore,
919 3364 1052 3436 abdant
1068 3385 1106 3435 se
1121 3365 1217 3456 quis-

168 3501 238 3569 que
254 3477 291 3547 in
309 3500 412 3548 suum
430 3477 600 3572 angulum
611 3488 638 3547 P.

379 3632 433 3685 τοῖς
445 3633 503 3684 οὐτε
516 3632 610 3686 νόστος
621 3633 689 3700 ὁμῶς

379 3717 509 3773 ἔπαλπνος
520 3717 548 3771 ἐν
559 3716 669 3771 nuttam
681 3716 764 3787 κρίθη,

380 3802 440 3857 οὐδὲ
451 3805 584 3872 μολόντων
595 3804 648 3874 πὰρ
660 3803 747 3875 ματέρ’
760 3803 828 3875 ἀμφὶ
840 3802 924 3874 γέλως
934 3805 1031 3874 γλυκύς

379 3887 464 3957 ὐρσεν
474 3889 560 3960 χάριν·
580 3890 643 3943 κατὰ
654 3888 752 3959 λαύρας
764 3887 786 3944 δ’
799 3889 900 3959 ἐχθρῶν
911 3889 1020 3960 ἀπάοροι

379 3976 540 4039 πτώσσοντι,
552 3977 678 4047 συμφορᾷ
691 3975 861 4047 δεύαιγμένοι.

204 4231 227 4259 ¹¹¹
248 4224 289 4276 Ol.
304 4238 328 4275 2.
346 4236 403 4289 150.
586 4234 598 4256 ¹¹
616 4227 815 4296 lhid.13.132.
994 4237 1007 4264 ⁰
1027 4227 1218 4300 Nem.7.106.

168 4317 178 4347 r
198 4309 276 4376 Pyra.
290 4310 315 4361 8.
333 4325 390 4378 ¹19·
