2768 4876
164 316 229 386 764
304 317 420 383 Edicto
434 316 590 401 Epicureo
605 336 626 377 a
642 313 773 397 Virgilio
787 313 942 399 obrogari.
965 334 1063 375 nunu.
1080 333 1216 375 xxxvm.

165 490 237 561 Sed
265 490 361 559 enim
392 489 436 558 de
466 487 586 557 medio
614 487 741 557 horum
764 508 936 579 angorum
962 487 1063 557 fonte
1090 487 1215 580 surgit,

164 606 259 697 quod
270 605 380 698 possit
397 626 474 674 esse
492 603 637 673 solatio:
664 624 744 695 spes
761 601 928 672 videlicet
940 602 1072 671 futures
1088 603 1214 695 gentis,

165 732 203 792 et
220 722 302 792 laeta
318 720 381 790 illa
397 729 434 790 et
451 728 615 811 proterve
632 720 677 788 de
694 719 854 811 generosi
872 718 1008 809 pecoris
1025 718 1126 815 pullo
1141 715 1159 787 ¹.

306 858 396 912 Altius
407 855 566 928 ingreditur,
579 873 609 910 ac
620 855 712 910 mollia
724 872 801 910 crura
812 855 926 926 reponit,

308 944 415 998 Primus
428 952 454 998 et
465 944 504 997 ire
515 943 595 1006 vum,
607 951 633 996 et
644 942 741 997 fluvios
752 949 853 996 tentare
863 943 981 998 minaces

305 1028 404 1092 Audet,
417 1037 443 1082 et
451 1028 544 1099 ignoto
557 1045 615 1083 sese
626 1028 791 1082 committere
802 1027 895 1098 ponti:

306 1114 364 1169 Nec
376 1132 460 1169 vanos
471 1114 561 1168 horret
574 1113 708 1184 strepitus.

168 1227 268 1297 Num
297 1228 415 1318 potuit
445 1227 637 1318 quidquam
667 1225 844 1308 adhibere,
873 1227 966 1318 quod
997 1225 1126 1297 melius
1160 1250 1214 1296 re-

166 1342 355 1433 sponderet
373 1364 419 1412 ex
436 1342 548 1413 altera
563 1350 663 1433 parte
680 1340 856 1412 flebilibus
873 1350 911 1411 et
936 1342 1073 1413 acerbis
1090 1342 1213 1425 modis,

167 1480 272 1550 quem
290 1457 388 1527 lusus
408 1458 490 1549 equi
507 1457 665 1527 nondum
682 1457 853 1528 edomiti?

216 1572 367 1653 Deinde,
390 1573 441 1642 itu
466 1582 550 1643 sunt
572 1572 650 1644 haeo
673 1572 792 1643 omnia
814 1579 1027 1663 comparata,
1048 1580 1091 1640 ut
1114 1594 1214 1663 paene

167 1687 312 1770 diceres,
334 1684 524 1781 Virgilium
542 1686 702 1757 consulto
720 1689 945 1779 seposuisse,
962 1710 1041 1779 quae
1057 1687 1214 1758 maxime

167 1803 377 1896 abrogarent
398 1802 545 1894 Epicuri
567 1825 617 1872 -ac
642 1802 799 1873 Lucretii
826 1804 952 1886 edicta,
979 1804 1213 1897 grandissimo

167 1919 252 1989 licet
269 1918 456 1989 verborum
480 1920 600 1988 sonitu
619 1919 765 2013 prolata,
783 1921 828 1990 de
846 1918 996 1990 Naturae
1018 1920 1214 2013 mundique

168 2033 321 2104 defectu.
383 2031 449 2103 Ait
482 2035 649 2111 videlicet
675 2035 875 2118 Lucretius,
904 2036 1082 2129 Epicurea
1114 2058 1214 2128 repe-

167 2159 246 2220 tens
261 2160 296 2231 ¹¹¹,

450 2284 492 2339 Ex
504 2284 569 2355 ipsis
582 2284 640 2339 eseli
651 2283 801 2338 rationibus
813 2284 901 2339 susim

309 2371 483 2436 Confirmare,
495 2371 607 2442 aliisque
617 2388 650 2425 ex
662 2371 743 2425 rebus
755 2371 864 2426 reddere
876 2372 977 2434 multis,

307 2457 484 2528 Nequaquam
496 2457 574 2511 uobis
587 2455 715 2511 divinitus
727 2474 784 2511 esse
796 2464 915 2527 paratam

308 2543 440 2597 Naturam
452 2561 549 2607 rerum,
562 2552 636 2598 tanta
648 2552 700 2598 stat
712 2543 823 2614 praedita
834 2545 920 2614 culpa.

168 2657 302 2728 Videte
320 2660 457 2742 deinde,
476 2660 561 2751 quid
579 2661 732 2751 primum
751 2668 902 2730 accuset.

308 2794 450 2865 Principio,
463 2803 594 2866 quantum
606 2795 664 2849 caeli
675 2796 741 2866 tegit
752 2797 867 2866 impetus
880 2797 985 2866 ingens,

308 2881 374 2935 lnde
387 2881 491 2935 avidam
503 2891 606 2951 partem
617 2891 732 2946 montes,
746 2885 878 2954 sylvaeque
890 2883 1006 2936 ferarum

308 2967 462 3031 Possedere,
474 2977 566 3022 tenent
578 2986 668 3038 rupes,
680 2978 814 3040 vastaeque
825 2969 944 3039 paludes,

307 3053 343 3106 Et
355 3071 436 3117 mare,
450 3054 522 3125 quod
534 3055 586 3107 lats
596 3063 728 3107 terrarum
741 3053 848 3108 distinet
861 3071 928 3108 oras.

308 3139 375 3193 Inde
388 3140 454 3194 duas
467 3158 546 3209 porro
559 3157 641 3209 prope
653 3148 740 3209 partes
752 3140 869 3194 fervidus
882 3157 925 3193 aer

307 3224 494 3295 Assiduusque
506 3223 558 3294 geli
571 3241 649 3277 casus
661 3223 818 3277 mortalibus
830 3223 924 3276 aufert.

168 3339 235 3408 His
257 3339 350 3429 quod
376 3337 533 3407 remedio
559 3345 661 3419 esset,
681 3336 864 3430 Virgilius,
889 3346 930 3406 ut
948 3338 1112 3419 vidimus,
1135 3362 1215 3409 can-

167 3456 256 3523 tavit
273 3477 279 3522 :

449 3585 507 3639 Has
520 3587 589 3640 inter
601 3587 772 3659 mediumque
784 3587 854 3642 duae.

167 3701 288 3793 Pergit
314 3700 518 3768 Lucretius:

307 3832 388 3892 Quod
402 3842 520 3902 superest
530 3835 594 3897 arvi,
607 3843 696 3889 tamen
708 3835 735 3889 id
749 3845 843 3889 natura
856 3854 904 3889 sua
916 3837 942 3888 vi

308 3918 434 3974 Sentibus
446 3918 571 3982 obdurat,
584 3921 612 3973 ni
625 3922 665 3975 vis
677 3922 796 3975 humana
807 3922 919 3984 resistat,

306 4005 378 4058 Vitai
390 4023 469 4059 causa
482 4004 569 4058 valido
583 4014 710 4060 consueta
721 4005 822 4060 bidenti

307 4089 454 4159 Ingemere,
465 4099 491 4143 et
503 4099 601 4144 terram
614 4094 711 4161 pressis
724 4092 893 4162 proscindere
905 4092 1007 4145 aratris.
1023 4133 1028 4145 .
1045 4133 1050 4145 .
1067 4134 1073 4146 .

359 4291 367 4327 ¹
383 4293 474 4359 Georq.
489 4309 514 4360 3.
530 4292 571 4360 76.
794 4301 810 4322 ¹⁰
825 4293 903 4346 Lucr.
917 4310 942 4362 5.
959 4308 1017 4362 197.
