2768 4876
168 313 242 376 458-
361 312 410 375 Dc
418 307 556 396 ρυιίόινί
570 311 658 396 apud
670 312 828 396 Supplices
843 313 981 395 ἀφελείᾳ.
1013 333 1109 374 rnen.
1121 333 1212 374 xxm.

166 487 274 555 arceri
292 485 432 578 fingunt
449 486 610 578 virgines,
624 484 696 555 illic
712 485 858 554 vitulam
877 485 1021 577 rupibus
1034 493 1212 555 errantem

165 602 304 694 mugitu
322 599 517 670 bubulcum
535 598 711 690 appellare
723 611 756 669 q:

376 712 442 781 ἀλκᾷ
454 713 564 768 πίσυνος
574 711 670 781 μέμυκε
682 712 750 782 φρά-

376 800 456 865 ζουσα
468 800 560 866 βοτῆρι
571 797 693 867 μόχθους.

167 895 262 964 Hinc
281 918 362 963 cum
381 894 442 964 Ius
459 896 640 963 mentione
656 894 803 962 mirifice
821 894 1009 984 conjuncta
1032 892 1211 961 miseratio

165 1030 305 1098 quoque
322 1008 420 1078 bovis
438 1021 543 1078 oestro
560 1016 686 1077 tactae:
707 1016 748 1076 ut
761 1031 832 1076 uuo
846 1007 1042 1097 eodemque
1056 1005 1211 1074 carmine

165 1123 243 1192 cani
262 1123 422 1193 videatur
434 1124 531 1215 quasi
558 1124 674 1192 naenia
699 1122 804 1192 simul
827 1122 1010 1191 hominum
1024 1142 1210 1213 aegrorum,

165 1238 268 1308 simul
293 1240 492 1329 pecudum3
516 1240 624 1330 juxta
648 1237 743 1307 illud*
762 1238 972 1307 sacrosancti
999 1236 1115 1318 Vatia,
1142 1233 1211 1303 ΓΣὺ

165 1353 268 1449 Κύριε
285 1351 400 1428 σῶσεις
417 1350 588 1448 ἄνθρωπον
611 1351 662 1421 καί
684 1359 808 1433 κτῆνος.
860 1351 999 1422 Verum
1020 1352 1099 1420 haee
1126 1351 1211 1421 satis

165 1470 210 1539 sit
236 1469 364 1538 cursim
390 1468 561 1561 tetigisse,
579 1477 753 1560 quatenus
776 1491 819 1538 ea
840 1469 913 1537 visa
938 1468 1008 1537 sint
1034 1467 1210 1559 attingere

165 1581 367 1653 foemineam
404 1584 572 1667 indolem,
611 1584 752 1675 qualem
792 1583 975 1675 descripsit
1011 1582 1209 1675 AEschylus.

166 1699 274 1770 Porro
291 1710 412 1771 autem
438 1700 570 1770 nemini
596 1723 667 1769 non
694 1701 876 1793 cognitum
901 1707 939 1769 et
953 1699 1211 1792 ⁴pervulgatum

164 1824 228 1897 est,
254 1817 472 1886 mansuetius
499 1815 707 1906 plerumque
734 1837 810 1884 esse
835 1814 1058 1883 foeminarum
1087 1835 1210 1906 genus,

164 1951 270 2021 quam
288 1931 451 2011 viromm,
470 1931 506 1998 in
524 1929 677 2021 pecudes
694 1929 915 2019 reliquasque
932 1927 1071 1997 bestias.

190 2037 192 2041 ’
214 2043 309 2126 Quid
331 2045 445 2114 dicam
463 2067 533 2135 quo
556 2044 690 2135 pudore
716 2065 833 2112 coram
852 2043 930 2112 Diis
954 2042 1062 2112 etiam
1087 2041 1212 2111 alienis

165 2158 301 2227 veniam
320 2159 386 2228 sibi
404 2165 528 2249 petant
545 2157 699 2237 barbarae
717 2157 845 2250 linguae
856 2157 893 2226 ’ί

375 2292 475 2361 ίλέομαι
486 2293 534 2361 μὲν
544 2291 637 2346 Ἀπίαν
647 2295 745 2358 βοῦνιν,

374 2379 490 2448 καρβάνα
501 2377 523 2432 δ’
536 2379 616 2433 σίδαν

375 2465 495 2519 εὔακοεῖς.

165 2576 258 2658 Quid
277 2575 553 2666 pulcherrimum
571 2576 685 2659 illudi,

374 2703 505 2758 ὑποσκίων
515 2703 544 2757 ἐκ
556 2705 691 2773 στομάτων
702 2704 826 2759 ποτόσθω
838 2707 978 2774 φιλότιμος
988 2709 1068 2775 εὖχος

166 2817 265 2885 Num
301 2817 417 2908 aptius
452 2818 522 2887 dici
556 2820 673 2908 potuit
710 2821 753 2888 ad
789 2819 1011 2900 modestiam,
1045 2818 1212 2908 conjunc·

165 2944 238 3002 tam
268 2935 411 3025 quidem
446 2933 543 3002 illam
575 2957 656 3003 cum
691 2935 819 3004 fiducia
848 2936 999 3025 quadam
1033 2932 1211 3023 precandi,

165 3070 242 3137 quae
274 3048 312 3115 in
341 3048 437 3116 omni
467 3047 637 3139 religione
666 3057 704 3118 et
732 3050 939 3130 caerimonia,
965 3049 1162 3140 praesertim
1190 3070 1212 3116 a

164 3161 380 3244 mulieribus,
399 3161 529 3231 servari
546 3162 680 3234 debet?
732 3163 838 3246 Quid,
856 3164 951 3255 quod
968 3161 1108 3257 ἀφελείᾳ
1127 3184 1212 3253 qua·

166 3277 247 3344 dam
272 3283 423 3345 utuntur
447 3276 626 3368 singulari,
643 3278 828 3369 loquentes
849 3279 894 3347 de
912 3277 1046 3349 Oceani
1072 3285 1110 3345 et
1135 3276 1210 3367 ejus

165 3386 384 3478 periculisui
577 3386 584 3396 ’

375 3509 462 3561 πλάτα
473 3509 520 3578 μὲν
531 3508 576 3563 οὖν
587 3508 748 3580 λινορραφής

375 3615 404 3646 τε
416 3594 495 3663 δόμος
506 3593 557 3647 ἅλα
569 3595 679 3666 στέγων,
692 3595 768 3663 δορός

375 3677 514 3747 ἀχείματόν
524 3677 551 3748 μ’
563 3679 666 3749 ἔπεμψε
679 3681 728 3734 σὺν
739 3683 835 3736 πνοαῖς·

376 3764 435 3818 οὐδὲ
447 3765 590 3834 μέμφομαι.

166 3869 288 3943 Etiam
306 3876 367 3945 ubi
385 3877 555 3968 procellas
572 3880 810 3969 imprecantur
827 3880 987 3950 hostibus
998 3889 1034 3960 ¹;

447 3997 493 4066 ξὺν
505 3995 558 4070 ὄχῳ
573 3995 694 4067 ταχυήρει

376 4080 498 4150 πέμψατε
509 4081 636 4137 πόντονδ’·
656 4083 716 4138 ἔνθα
729 4085 757 4138 δὲ
768 4085 876 4138 λαίλαπι

200 4210 294 4279 ίΙδνρ.
308 4211 369 4280 356.
463 4214 590 4266 rPsulm.
604 4213 647 4283 36.
663 4228 687 4285 7.
786 4217 879 4284 ‘Sap
896 4233 954 4286 123.
1048 4215 1138 4269 tibid.
1151 4214 1211 4282 664.

167 4293 268 4347 u1lbid.
284 4311 342 4361 140.
432 4299 585 4369 ¹1bid.33.
