2768 4876
173 310 236 375 710
377 308 536 391 Profunda
551 309 685 370 Natwrae
699 309 876 372 Detractum
891 309 981 394 copi:
1013 331 1111 373 rann.
1121 329 1217 372 xxxv.

174 481 391 564 Videndum,
421 504 466 550 an
500 479 573 550 haec
604 483 814 550 conveniant
842 483 1103 573 quodammodo
1137 505 1218 552 cum

173 619 294 667 eorum
311 619 420 677 more,
440 597 499 686 qui
518 619 562 665 ex
581 597 698 665 animo
716 596 896 685 disputant
914 597 959 664 de
976 597 1138 688 graviore
1158 596 1220 665 ali-

172 734 241 803 qua
262 734 320 782 re:
344 713 475 781 nedum
494 713 538 781 de
556 711 782 781 sanctissimis
800 712 958 780 omnium
979 710 1218 802 religionibus.

174 825 305 896 Nonne
333 829 456 918 saepius
485 830 646 897 incusant
674 827 858 896 verborum
887 829 1053 918 inopiam,
1078 836 1220 896 curant-

172 964 252 1032 que,
270 964 315 1011 ne
338 943 375 1010 in
397 966 472 1012 rem
495 944 606 1033 ipsam
624 942 824 1011 conferatur
840 941 953 1033 culpa,
972 966 1054 1033 quae
1079 944 1220 1034 propria

172 1067 226 1125 est
248 1056 354 1127 solius
376 1056 503 1150 linguae
522 1057 578 1124 vel
596 1058 751 1148 ipsorum
769 1057 824 1126 vel
842 1058 965 1148 patriae
984 1058 1083 1127 suael
1124 1056 1219 1140 Qua·

171 1182 315 1263 propter
326 1173 363 1240 in
377 1173 453 1242 istis
466 1173 575 1241 etiam
591 1194 780 1264 agnoscere
793 1170 877 1241 licet
891 1171 1061 1240 indicium
1074 1171 1219 1262 aliquod

172 1287 250 1357 leve
267 1287 456 1358 illiusmodi
476 1286 612 1368 indolis,
630 1310 707 1378 quae
725 1309 815 1356 verae
835 1288 977 1378 pietatis
996 1287 1089 1377 jura,
1108 1286 1219 1357 semel

170 1404 276 1473 modo
294 1405 444 1496 cognita,
462 1412 644 1494 arreptura
670 1411 745 1472 erat
771 1403 916 1482 avidius,
936 1410 973 1470 et
998 1403 1219 1472 constantius

171 1527 359 1588 servatura.

221 1633 326 1717 Quod
352 1635 446 1703 idern
472 1633 623 1726 intelligi
650 1634 757 1703 debet
775 1635 819 1704 de
844 1633 905 1703 illa
922 1655 1062 1724 quoque
1089 1633 1218 1702 severi-

171 1758 257 1832 tate,
274 1773 296 1818 a
312 1749 412 1818 nobis
422 1748 497 1840 jam
517 1759 600 1818 ante
624 1771 695 1818 non
718 1748 826 1818 semel
849 1747 1100 1818 animadversa.
1154 1746 1218 1847 Et-

170 1865 275 1945 enim,
293 1887 375 1934 cum
399 1864 487 1932 nihil
507 1866 553 1933 sit
570 1864 659 1933 adeo
676 1862 831 1934 alienum
855 1887 877 1942 a
901 1864 972 1933 risu
993 1872 1102 1953 atque
1120 1863 1218 1954 joco,

170 2003 210 2048 ac
230 1987 457 2050 sacrosanctae
474 1978 681 2071 religiones;
709 1980 767 2071 qui
786 2002 831 2048 ex
849 1980 966 2047 animo
984 1978 1103 2048 dicere
1120 1977 1219 2048 vide-

170 2106 229 2165 tur
246 2095 373 2175 omnia,
391 2097 420 2164 is
446 2117 487 2164 ea
512 2117 550 2163 re
576 2096 750 2166 duntaxat
776 2094 929 2186 religiosi
953 2117 994 2164 ac
1020 2095 1134 2163 sancti
1152 2093 1216 2163 viri

171 2211 324 2302 speciem
342 2209 460 2279 habet.

219 2325 382 2416 Denique
399 2325 436 2393 in
454 2327 550 2394 omni
568 2325 635 2395 hoc
653 2327 770 2418 capite
787 2326 983 2394 maximum
1004 2325 1040 2394 id
1066 2347 1108 2394 ac
1130 2347 1216 2416 prae-

169 2442 312 2532 cipuum
339 2441 417 2522 erit,
441 2440 590 2510 Poetam
616 2440 768 2534 physicis
796 2441 904 2509 etiam
930 2439 1135 2522 rationibus,
1152 2438 1214 2508 ubi

169 2566 206 2625 et
235 2557 387 2647 pressius
417 2565 492 2625 erat
522 2555 772 2646 disputandum
799 2564 836 2623 et
862 2554 1062 2623 distinctius
1092 2553 1214 2644 depin-

169 2675 285 2766 genda
302 2673 589 2754 omnia-immo
607 2671 749 2740 calculis
767 2694 876 2761 prope
893 2669 1214 2752 mathematicis,-

168 2788 335 2858 adhihere
356 2789 606 2879 cogitationem
627 2788 744 2855 nescio
762 2787 862 2877 cujus
880 2785 1061 2866 Profundi,
1079 2788 1213 2856 circum

169 2926 428 2995 usquequaque,
454 2912 495 2970 ut
523 2903 573 2969 ita
598 2902 723 2982 dicam,
749 2902 925 2991 patentis:
956 2902 1050 2991 quod
1077 2903 1129 2970 ita
1154 2923 1214 2970 ne-

167 3038 274 3106 queas
298 3015 491 3107 explorare,
509 3025 550 3083 ut
573 3037 618 3083 ne
642 3023 762 3084 tamen
783 3014 886 3084 facile
904 3037 1021 3083 careas
1048 3036 1120 3104 spe,
1137 3014 1214 3083 fore

166 3129 354 3221 aliquando
384 3138 425 3197 ut
454 3130 491 3197 in
521 3153 563 3198 eo
597 3128 774 3198 liberrime
805 3129 974 3220 spatieris.
1031 3128 1212 3199 Altiorem

166 3245 260 3314 hunc
275 3267 425 3326 sensum,
437 3228 567 3313 etcum
586 3244 755 3336 religione
768 3245 1054 3336 conjunctiorem‚
1067 3244 1212 3327 fatetur,

167 3363 308 3431 sirecte
327 3362 437 3451 capio,
455 3360 652 3442 Lucretius,
670 3361 777 3429 etiam
804 3361 865 3430 ubi
885 3362 1125 3452 jactabundus
1150 3363 1211 3442 ait,

165 3474 299 3544 nullam
329 3473 478 3544 Naturae
508 3475 687 3566 regionem
716 3497 787 3543 non
817 3474 924 3544 fuisse
951 3474 1106 3566 Epicuro
1133 3498 1211 3566 per-

166 3593 257 3659 viam
270 3602 293 3658 ³.
845 3569 852 3592 ’

306 3735 357 3788 His
369 3735 417 3789 tibi
429 3753 472 3788 me
484 3736 563 3790 rebus
576 3735 698 3807 quaedam
711 3736 800 3790 divina
812 3738 933 3807 voluptas

304 3821 426 3890 Percipit,
439 3830 518 3892 atque
529 3822 631 3886 horror,
645 3822 717 3893 quod
730 3824 768 3876 sic
781 3823 884 3877 Natura
897 3832 943 3876 tua
955 3824 981 3876 vi

303 3909 370 3961 Tam
382 3909 520 3962 manifesta
531 3918 603 3977 patet
614 3927 645 3962 ex
658 3910 732 3963 omni
744 3919 817 3979 parte
829 3918 934 3964 retecta.

164 4056 373 4137 Quemnam,
399 4056 552 4136 obsecro,
580 4056 694 4125 locum
722 4057 866 4125 habebit
892 4057 1013 4125 horror
1038 4059 1119 4141 iste,
1145 4081 1207 4129 seu

585 4307 594 4330 ⁸
612 4299 691 4353 Lucr.
703 4315 730 4368 3.
744 4299 788 4353 28.
