2768 4876
199 297 264 367 616
413 300 568 367 Parmam
582 303 718 368 Norae
731 260 996 388 amoatamfaisra
1061 321 1241 367 rannxxx.

200 473 333 565 speeies
344 484 369 543 ³.
416 474 564 558 Pastori,
576 475 688 564 (verbi
706 477 824 567 causa)
838 495 920 544 eum
938 473 1013 568 lyra
1029 473 1240 555 meridianti,

199 590 318 658 venire
338 591 494 681 potuisse
516 591 552 658 in
578 599 736 660 mentem
752 589 930 682 Apollinis
950 590 1056 672 illins,
1073 613 1157 659 eum
1183 612 1242 659 au·

197 724 258 774 rea
283 705 426 787 eithara,
448 727 599 799 eumque
624 704 824 775 lucentibus
849 704 1003 796 capillis3
1032 704 1240 775 maximesi

198 819 320 911 procul
354 821 445 890 forte
474 820 686 891 cantilenam
720 819 874 912 aliquam
909 820 1013 890 solito
1044 821 1240 891 suaviorem

197 936 368 1007 audierit:
395 938 552 1007 venatori
576 937 613 1005 in
634 936 814 1005 montibus
839 936 1062 1028 pernoctanti
1086 933 1241 1029 gratissi·

196 1071 292 1120 mam
310 1051 400 1121 bano
419 1051 557 1121 Lunam
571 1074 652 1120 oum
671 1051 841 1120 sideribus
859 1051 929 1120 auis
945 1051 1135 1142 praebuisse
1151 1051 1240 1120 forte

196 1165 387 1258 imaginem
414 1165 540 1237 Dianae
565 1190 647 1235 cum
675 1165 872 1259 Nymphis:
900 1184 982 1236 oum
1007 1167 1152 1236 umbras
1176 1189 1240 1234 nu·

196 1279 295 1350 bium
313 1281 473 1351 viderent
499 1281 580 1350 ferri
604 1281 698 1351 claro
716 1280 895 1373 Aquilone
920 1303 1025 1372 super
1049 1280 1239 1374 longinqua

189 1393 287 1489 juga,
311 1407 576 1488 repraesentasse
597 1398 662 1467 sibi
686 1397 846 1467 homines
863 1395 1044 1468 Oreadum
1062 1397 1237 1467 Chorum:

196 1507 359 1578 Faunum
388 1520 425 1579 et
452 1509 605 1604 Satyros,
633 1511 771 1603 quoties
804 1511 841 1579 in
869 1510 985 1603 sylvis,
1011 1513 1121 1582 dubia
1151 1511 1237 1594 lune,

193 1634 406 1717 portentosae
423 1627 587 1696 arborum
605 1627 729 1697 formae
746 1627 1001 1698 oeounerent.’'

245 1738 384 1809 Verum
410 1750 450 1810 ut
475 1738 549 1810 haee
568 1763 708 1833 quoque
725 1741 940 1824 omittamus,
960 1740 1101 1812 Graecos
1119 1751 1237 1812 tamen

193 1853 230 1922 in
246 1852 318 1925 hao‘
331 1879 436 1926 causa
451 1849 602 1926 fidenter
618 1859 782 1948 equidem
800 1857 892 1927 tueri
915 1858 1077 1942 audeam,
1095 1857 1152 1928 vel
1169 1881 1239 1928 uno

194 1967 344 2039 Platone
370 1972 407 2038 in
433 1971 675 2042 testimonium
701 1973 883 2064 producto.
935 1973 1005 2056 Qui
1033 1973 1238 2043 inlaudata

193 2084 255 2155 illo
274 2086 413 2156 Phaedri
439 2090 609 2179 prooemio
626 2089 677 2157 ita
694 2111 731 2158 se
749 2088 908 2158 deditum
932 2089 1121 2180 profitetur
1137 2089 1239 2158 urba-

192 2184 246 2269 nis
264 2201 397 2272 deliciis
414 2226 456 2273 ae
473 2203 568 2272 civili
585 2204 769 2273 bominum
782 2205 1003 2284 commercio,
1017 2213 1059 2274 ut
1072 2215 1238 2296 appareat

193 2323 312 2386 tamen
336 2319 418 2388 duoi
444 2342 526 2388 enm
552 2327 589 2388 et
615 2319 793 2402 delectari,
815 2321 938 2410 utqui
963 2321 1130 2402 maxime,
1151 2343 1238 2412 pura

192 2455 233 2501 ao
250 2432 409 2525 simplice
428 2431 612 2505 Natural:
640 2433 695 2516 N»)
712 2433 909 2531 τῆνἭραν,
925 2439 1010 2517 καλῆ
1034 2464 1076 2527 γε
1097 2438 1115 2516 ἧ
1136 2465 1238 2504 κατα-

192 2551 297 2638 γωγή·
324 2547 344 2629 ἦ
361 2580 400 2618 τε
417 2547 485 2645 γάρ
503 2547 673 2627 πλάτανος
692 2548 773 2632 αὕτη
795 2553 876 2633 μαλ’
893 2551 1095 2646 ἀμφιλαφής
1120 2581 1161 2621 τε
1185 2551 1236 2620 καὶ

191 2660 319 2754 ὑψηλή,
337 2670 398 2732 τοῦ
414 2695 452 2734 τε
470 2663 572 2756 άγνον
594 2663 636 2736 τό
657 2664 746 2758 ὕψος
766 2668 819 2735 καὶ
836 2664 879 2736 τά
897 2667 1030 2736 σύσκιον
1050 2663 1236 2758 πάγκαλον,

190 2778 243 2847 καὶ
260 2781 300 2853 ὡς
321 2779 422 2861 dupla
444 2782 512 2875 ἔχει
535 2790 592 2863 τῆς
613 2779 716 2863 dadas,
734 2785 774 2857 ὡς
790 2778 831 2852 dv
847 2780 1068 2852 εὐωδέστατον
1093 2783 1235 2878 παρέχοι

190 2881 250 2961 τὸν
271 2892 388 2963 τόπον·
416 2893 436 2976 ἦ
452 2925 491 2965 τε
508 2893 547 2964 αὖ
563 2897 654 2987 πηγὴ
677 2893 883 2992 χαριεστάτη
901 2893 964 2965 ὑπὸ
981 2903 1039 2977 τῆς
1064 2893 1237 2966 πλατάνου

189 3010 240 3100 ῥεῖ
263 3004 355 3089 μάλα
383 3007 520 3106 ψυχροῦ
541 3009 670 3094 ὕδατος,
692 3010 732 3087 dr
758 3041 798 3103 γε
822 3017 870 3101 τῷ
897 3009 974 3081 ποδὶ
1000 3015 1235 3106 τεκμήρασθαι·

191 3128 322 3218 νυμφῶν
342 3125 381 3194 τέ
401 3156 494 3195 τινων
512 3126 564 3196 καὶ
583 3125 755 3221 Ἀχελάου
781 3125 866 3223 ἱερὸν
891 3125 959 3196 άπὸ
985 3133 1049 3197 τῶν
1071 3132 1174 3222 κορῶν
1199 3158 1236 3198 τε

190 3237 242 3306 καὶ
266 3237 472 3330 ἀγαλμάτων
497 3242 596 3311 ἔοικεν
621 3240 709 3312 εἶναι.
738 3246 767 3313 εἰ
787 3242 813 3313 d’
832 3241 870 3312 ad
891 3243 1016 3328 βούλει,
1037 3240 1080 3312 τὸ
1106 3245 1236 3313 εὔπνουν

190 3359 252 3422 τοῦ
271 3353 379 3424 τόπου
395 3359 439 3455 ὡςι
452 3356 629 3448 ἀγαπητόν
654 3390 693 3429 τε
717 3359 770 3428 καὶ
796 3357 934 3455 σφόδρα
960 3357 1023 3439 ἦόά·
1051 3358 1178 3453 θὲρινόν
1199 3389 1236 3428 τε

189 3466 243 3535 καὶ
267 3475 366 3564 λιγνρ

190 3580 418 3674 κομψότατον
441 3583 483 3655 τά
506 3594 564 3667 τῆς
586 3587 681 3670 πόας,
699 3588 752 3659 ὅτι
771 3590 803 3658 ἐν
820 3590 921 3685 ἠρέμα
940 3584 1121 3684 προσάντει
1147 3586 1235 3670 ἵκάνη

190 3698 317 3794 πέφυκε
333 3702 559 3772 κατακλινέντι
576 3703 638 3784 τὴν
651 3704 799 3798 κεφαλὴν
817 3701 996 3796 παγκάλως
1013 3705 1109 3800 ἔχειν.

249 3817 436 3900 Quorsum,
467 3819 621 3901 obsecro,
656 3819 819 3911 platanus
853 3821 923 3903 ille,
954 3830 992 3889 et
1022 3844 1114 3912 aqua
1145 3821 1235 3891 Ilissi

189 3932 316 4025 gelida,
335 3943 372 4003 et
398 3959 543 4027 gramen
568 3935 825 4020 mollissimum,
843 3938 1026 4029 omnisque
1052 3940 1151 4028 quasi
1177 3962 1237 4030 ap-

225 4111 240 4140 ·
251 4102 446 4168 Wordsworth,
459 4104 615 4169 Eaaursiea,
627 4105 656 4160 b.
669 4106 704 4161 iv.
717 4123 744 4177 p.
761 4106 819 4174 165.
834 4107 920 4162 Lnnd.
935 4109 1010 4176 1827.

227 4189 360 4246 ”Phrada
372 4211 399 4262 p.
413 4209 473 4263 230.
489 4194 522 4248 B.
