2768 4876
165 351 256 392 rann.
269 350 382 393 xxxrx.
414 332 523 395 Portae
537 329 673 395 edamus
687 333 774 429 apud
789 333 954 418 Vispilium
967 335 1056 398 ratio.
1145 337 1208 401 785

143 491 245 584 ¹ritu,
272 504 449 574 emittitur
471 502 641 575 AEneasf:
671 529 748 597 quae
775 528 830 576 res
857 508 1051 577 certissimo
1082 509 1128 577 sit
1157 511 1210 577 in-

164 617 274 687 dicio”
306 619 370 707 (sic
400 620 496 688 enim
526 621 818 712 interpretantur)
847 631 866 660 ‘⁶
878 645 967 691 vana
1000 645 1140 714 prorsus
1173 633 1210 692 et

164 735 407 804 commentitia
432 735 644 826 fuisseque·
669 737 775 806 modo
797 738 964 807 docuerat
991 737 1112 820 Poeta,
1136 739 1210 808 sive

165 849 207 918 de
234 849 434 919 Inferorum
460 852 671 944 regionibus,
698 854 772 923 sive
798 854 842 922 de
870 855 965 922 omni
992 876 1109 922 rerum
1136 852 1211 924 Na-

165 964 274 1034 tura.''
325 965 555 1036 Considerate
572 978 702 1048 autem,
721 990 848 1058 quaeso,
866 991 936 1059 quo
954 970 1078 1037 tendat
1095 969 1215 1039 istius--

164 1080 260 1148 modi
283 1082 384 1149 ratio.
436 1080 553 1163 Quam
576 1082 680 1151 multi
707 1083 892 1174 scriptores
915 1082 1049 1152 scilicet
1067 1083 1213 1152 effinxe-

165 1203 247 1264 runt
260 1196 326 1266 sibi
340 1197 444 1266 variis
457 1198 675 1288 temporibus
690 1201 784 1268 varia
801 1194 1017 1268 somniorum
1030 1201 1112 1280 visa,
1127 1223 1213 1290 quo·

165 1336 242 1383 rum
262 1336 329 1406 ope
346 1318 636 1385 commendarent
656 1317 757 1386 nobis
783 1340 846 1386 sua
866 1316 1002 1408 judicia
1020 1324 1096 1385 tum
1115 1317 1159 1385 de
1177 1338 1214 1385 re

166 1428 307 1511 Divina,
335 1439 413 1500 tum
442 1431 588 1502 devita
616 1455 657 1502 ac
686 1432 862 1501 moribus!
915 1431 1015 1500 Num
1046 1430 1214 1501 credibile

166 1553 230 1627 est,
248 1545 374 1615 horum
397 1569 686 1638 unumquemque
713 1563 783 1616 non
809 1546 916 1617 modo
942 1548 1095 1616 caluisse
1117 1548 1215 1616 omni

165 1683 292 1744 rerum,
320 1685 408 1753 quas
439 1663 514 1754 ipse
543 1664 705 1746 docebat,
733 1664 815 1746 fide,
842 1685 963 1732 verum
993 1662 1103 1732 etiam
1130 1663 1217 1732 data

166 1800 273 1868 opera
292 1777 452 1847 fraudem
477 1801 577 1848 suam
602 1778 779 1848 declarare
796 1778 972 1848 voluisse?
994 1778 1099 1870 plane
1116 1780 1215 1869 quasi

167 1891 271 1973 dicat,
296 1893 457 1963 “Cavete
474 1894 552 1964 haec
574 1917 717 1964 assensu
744 1880 1000 1986 comprobetis:
1030 1894 1149 1963 fucata
1174 1917 1215 1964 ac

166 2007 249 2077 ficta
279 2017 363 2078 sunt
389 2011 516 2091 omnia,
539 2010 731 2102 voluptatis
758 2009 893 2079 causa’‘
945 2007 1076 2101 Ecquis
1107 2010 1216 2078 talem

167 2121 257 2191 ferat
273 2124 469 2214 gravissimi
487 2124 601 2215 operis
619 2124 812 2194 clausulam
824 2135 841 2182 ἕ
850 2123 863 2193 2

217 2234 314 2318 Quin
333 2239 532 2320 statuimus,
550 2240 630 2308 ideo
654 2240 874 2330 potissimum
894 2238 1005 2307 veluti
1024 2238 1068 2306 de
1088 2237 1218 2306 somni-

167 2352 309 2421 antibus
326 2353 395 2422 ista
412 2355 553 2434 narrari,
567 2354 661 2444 quod
679 2357 880 2445 pertineant
893 2353 1059 2423 videlicet
1076 2353 1120 2423 ad
1138 2375 1217 2422 eam

167 2467 358 2560 regionem,
381 2493 462 2560 quae
491 2479 612 2539 mente
642 2493 713 2539 non
736 2470 847 2539 oculis
873 2471 1105 2560 conspicitur:
1134 2492 1218 2559 qua-

167 2603 249 2650 cum
269 2582 358 2651 adeo
374 2589 452 2651 tum
475 2585 631 2652 maxime
654 2583 771 2653 solent
792 2584 953 2653 homines
975 2583 1105 2652 habere
1123 2606 1218 2652 com·
1297 2603 1299 2607 ’

166 2697 310 2780 mercia,
339 2720 421 2767 cunr
451 2708 572 2767 mente
602 2699 677 2768 sola
706 2698 864 2791 vigilant,
895 2698 1018 2789 sopitis
1048 2697 1216 2767 sensibus

169 2810 225 2880 Ex
245 2834 315 2902 quo
333 2811 494 2893 efficitur,
513 2813 707 2882 “ebumeae
732 2812 864 2904 portae’'
882 2835 953 2880 non
977 2811 1083 2880 aliam
1107 2811 1218 2879 ferme

168 2949 243 2997 esse
270 2929 352 3009 vim,
378 2950 420 2998 ac
446 2928 475 2996 si
501 2928 647 2998 dixisset
666 2927 849 3021 Virgilius,
871 2927 1021 2996 AEneam
1048 2948 1068 2993 e
1093 2947 1218 3017 sopore

168 3043 364 3112 excitatum
382 3042 612 3125 intellexisse,
623 3066 686 3134 per
697 3065 860 3112 somnum
876 3043 940 3112 sibi
959 3056 1099 3111 ostensa
1111 3041 1218 3110 fuisse

168 3165 268 3226 tanta
291 3180 495 3227 arcanarum
525 3158 735 3250 religionum
765 3157 953 3228 miracula:
984 3149 1150 3246 non'quo
1176 3178 1219 3225 ea

169 3273 413 3343 commentitia
434 3275 513 3356 sint,
532 3274 594 3343 sed
611 3281 653 3343 ut
676 3283 835 3343 servetur
858 3274 1054 3343 communis
1079 3271 1139 3340 lex
1161 3293 1219 3339 ea·

168 3411 246 3458 rum
260 3411 476 3481 rerumquae
493 3389 666 3457 mundum
684 3411 876 3480 sensusque
894 3395 1070 3480 superant.
1107 3385 1215 3454 Porro

169 3504 263 3595 quod
289 3503 429 3574 “falsa''
447 3503 639 3596 appellavit
665 3505 898 3585 “insomnia”
919 3527 991 3573 non
1016 3525 1134 3572 rerum
1166 3502 1218 3592 ip·

169 3639 297 3699 sarum,
310 3619 425 3698 credo,
439 3620 583 3711 negavit
601 3620 798 3703 veritatem,
816 3621 878 3689 sed
892 3611 1066 3712 'imagines
1084 3638 1216 3695 earum,

169 3755 240 3802 non
257 3733 358 3824 ipsas,
377 3733 586 3826 significavit
603 3734 723 3804 AEneae
740 3758 857 3804 coram
875 3735 1038 3804 adfuisse.

222 3848 348 3940 Atque
375 3856 416 3918 ut
444 3848 636 3942 Virgilium
667 3850 807 3919 credam
835 3873 872 3919 re
900 3873 939 3919 ac
967 3848 1116 3917 veritate
1140 3867 1217 3912 ver-

170 3966 236 4035 sari
261 3966 298 4034 in
324 3965 496 4056 ejusmodi
523 3966 691 4047 doctrina,
709 3989 780 4035 non
803 3966 893 4035 θέσιν
915 3965 1031 4043 modo,
1048 3971 1090 4030 ut
1116 3961 1216 4030 aiunt

170 4081 298 4164 Graeci,
327 4076 574 4176 διαφυλάττειν,
601 4081 762 4173 plurimis
787 4080 951 4172 equidem
979 4079 1134 4172 adducor
1164 4099 1218 4145 ar-

208 4285 297 4341 ¹AEn.
311 4285 337 4340 6.
350 4285 384 4340 ad
395 4286 442 4340 fin.
550 4293 561 4325 ¹
575 4283 617 4338 cf.
628 4284 802 4348 Warburt0n‚
814 4285 911 4343 Divina
918 4284 1054 4352 Legatioo,
1067 4281 1150 4335 libii.
1161 4298 1186 4344 4.

666 4381 688 4446 3
707 4396 729 4444 s
