2768 4876
124 347 329 392 cmxxxii.
406 325 523 414 obs‘pm
540 328 670 414 Virgilio
684 329 764 416 sipoc'
825 328 865 393 ri.
1112 325 1177 397 649

115 520 265 570 currere
285 497 401 568 solent
427 498 465 566 in
488 496 629 580 oculos;
654 497 709 568 his
726 519 785 566 me
802 496 1017 582 consolabor,
1035 499 1080 568 ad
1097 499 1177 570 baec

110 614 308 707 refugiam,
326 614 433 684 misso
450 636 581 706 genere
599 613 659 684 illo
678 614 862 705 profunde,
880 615 988 707 gravi,
1006 615 1159 686 severo.'’

172 730 258 814 Quo
283 730 320 798 in
344 728 423 799 loco
446 729 735 800 animadvertatis
753 729 859 799 velim
883 730 1176 823 significationem

106 846 273 916 minime
301 846 445 915 dubiam
474 845 639 941 εἰρωνείας,
664 868 768 937 quam
795 858 934 928 vocant,
957 845 1178 940 Virgilianae.

112 961 309 1032 Nimirum
343 984 385 1032 ea
418 962 592 1056 gravitate
626 986 667 1033 ac
702 964 819 1033 sonitu
849 964 1035 1033 verborum
1069 971 1177 1057 negat

112 1077 241 1147 Poeta
274 1099 312 1146 se
345 1078 403 1147 isti
438 1087 646 1171 argumento
676 1077 848 1160 sufficere,
878 1090 919 1148 ut
952 1078 1069 1171 palam
1104 1079 1176 1163 fiat,

113 1217 221 1277 eum,
239 1193 346 1263 modo
364 1193 463 1276 velit,
480 1193 518 1262 in
535 1193 597 1262 illo
615 1217 754 1286 quoque
772 1193 964 1286 plurimum
982 1218 1093 1287 posse.

269 1347 316 1404 Me
327 1365 390 1404 vero
401 1349 519 1420 primum
532 1348 622 1404 dulces
635 1358 696 1404 ante
708 1351 798 1404 omnia
810 1351 909 1414 Musae,

270 1434 392 1494 Quarum
405 1453 480 1490 sacra
490 1435 546 1490 lero
559 1436 661 1506 ingenti
673 1437 810 1506 perculsus
823 1455 921 1501 amore,

269 1521 417 1591 Accipient,
431 1522 541 1594 caelique
552 1523 608 1576 vias
621 1539 651 1577 ac
664 1521 750 1576 sidera
762 1532 920 1587 monstrent,

270 1607 350 1662 Unde
362 1616 462 1662 tremor
473 1609 559 1672 terris,
573 1625 626 1680 qua
637 1609 664 1662 vi
676 1608 758 1662 maria
770 1610 822 1664 alta
834 1618 983 1664 tumescant

271 1693 410 1766 Objicibus
422 1696 518 1765 ruptis,
531 1713 677 1768 rursusque
689 1696 718 1748 in
730 1714 758 1749 se
771 1696 828 1766 ipsa
840 1696 966 1761 residant,

272 1780 345 1840 Quid
356 1790 463 1837 tantum
475 1782 583 1837 Oceano
596 1791 736 1852 properent
749 1800 777 1836 se
789 1784 890 1854 tingere
902 1786 973 1838 soles

272 1866 404 1938 Hyberni,
416 1870 457 1923 vel
469 1887 529 1940 quae
541 1868 624 1922 tardis
636 1886 711 1922 mora
723 1869 846 1923 noctibus
859 1869 953 1923 obstet.

179 2011 249 2084 Eas
273 2013 413 2084 videtur
438 2014 503 2084 sibi
530 2022 647 2106 partes
673 2014 803 2109 eligere
830 2016 1075 2107 disputationis
1100 2016 1178 2086 uni-

134 2151 236 2200 versae
261 2131 305 2200 de
326 2154 443 2200 rerum
467 2138 602 2214 natura,
620 2155 705 2224 quas
722 2131 780 2202 vel
802 2134 959 2202 omiserit
978 2133 1177 2216 Lucretius

134 2245 185 2314 vel
206 2246 323 2315 minus
346 2255 510 2318 accurate
536 2249 748 2318 tractaverit.
802 2248 873 2319 Sed
899 2250 1045 2319 tentatis
1071 2250 1176 2318 modo

133 2361 305 2454 paulisper
324 2363 467 2448 viribus,
484 2385 522 2432 se
546 2365 583 2433 in
606 2387 669 2434 sua
693 2363 794 2435 laetus
819 2365 1014 2457 lubensque
1040 2366 1175 2457 recipit.

172 2581 176 2591 ¹
271 2523 328 2586 Sin,
340 2523 389 2577 has
401 2541 435 2577 ne
447 2524 549 2593 possim
561 2524 588 2578 N
590 2532 672 2579 aturae
685 2524 807 2579 accedere
819 2534 915 2596 partes,

271 2608 393 2681 Frigidus
406 2611 537 2665 obstiterit
550 2611 650 2665 circum
663 2611 809 2682 praecordia
821 2612 938 2682 sanguis,

271 2695 344 2751 Rura
355 2697 421 2751 mihi
433 2706 459 2752 et
470 2698 541 2768 rigui
553 2699 672 2767 placeant
684 2698 713 2751 in
725 2698 838 2752 vallibus
850 2714 950 2761 amnes,

271 2782 392 2837 Flumina
404 2802 490 2838 amem
502 2787 642 2856 sylvasque
653 2784 792 2855 inglorius.

178 2929 272 3001 Haeo
294 2932 379 3001 trita
402 2941 440 3002 et
464 2931 672 3025 pervulgata
697 2932 862 3002 omnibus
886 2931 1016 3002 idcireo
1043 2955 1177 3002 memo-

131 3045 200 3115 ravi
216 3045 285 3116 boc
303 3046 392 3130 loco,
409 3048 503 3139 quod
521 3048 655 3118 scilieet
673 3071 694 3117 e
711 3071 748 3117 re
768 3055 887 3117 nostra
904 3048 978 3117 fore
995 3049 1175 3140 putabam,

120 3163 156 3231 si
177 3161 372 3256 Virgilium
398 3163 514 3256 ipsum
540 3164 696 3234 excitare
722 3186 872 3256 possem,
899 3164 1065 3232 idoneum
1092 3186 1176 3234 sane

129 3278 171 3348 de
197 3301 236 3348 se
262 3287 299 3348 et
324 3279 492 3350 Lucretio
517 3289 656 3349 testem.
708 3278 802 3363 Jam,
821 3280 914 3369 quod
936 3279 981 3348 ad
1002 3302 1176 3349 summam

130 3392 332 3466 Lucretiam
350 3397 522 3487 poematis
540 3397 679 3478 attinet,
691 3395 852 3488 intelligo
870 3395 1046 3488 duplicem
1065 3396 1176 3466 ferme

129 3533 268 3580 oausam
291 3510 397 3580 hodie
420 3535 442 3581 a
466 3512 566 3581 nobis
592 3512 730 3602 suscipi.
781 3511 901 3580 Primo
919 3512 1097 3593 docemus
1115 3510 1176 3580 ha·

128 3625 201 3696 beri
229 3627 359 3696 debere
381 3626 483 3696 illum
510 3629 548 3696 in
574 3650 721 3697 numero
751 3649 884 3709 eorum,
910 3627 1037 3717 quibus
1067 3627 1176 3696 fuerit

127 3742 320 3834 praecipuus
344 3744 493 3813 Naturae
517 3767 558 3813 ao
583 3745 672 3813 ruris
695 3764 814 3812 amor:
842 3743 969 3811 deinde
988 3765 1034 3811 ex
1052 3765 1094 3811 ea
1113 3765 1176 3834 po-

127 3860 302 3930 tissimum
327 3868 428 3951 parte
446 3860 624 3930 Naturam
650 3860 760 3951 ipsam
784 3858 828 3928 ab
849 3881 892 3927 eo
916 3858 1075 3950 spectari,
1094 3881 1174 3949 quae

128 3998 252 4067 praese
269 3976 338 4045 fert
355 3999 521 4047 arcanum
539 4001 580 4046 ac
598 3976 745 4046 dubium
764 3974 906 4065 aliquid,
924 3975 1059 4043 incerta
1084 3973 1174 4066 lege,

128 4090 240 4162 limite
267 4092 415 4174 infinito,
440 4094 596 4163 obscuris
628 4100 669 4161 ut
696 4092 887 4183 plurimum
915 4089 1173 4182 partitionibus

129 4204 224 4276 Nam
247 4209 389 4300 utrique
413 4211 503 4300 parti
533 4209 637 4299 hujus
661 4207 844 4278 sententiae
866 4230 936 4276 non
963 4207 1062 4276 deest
1080 4207 1173 4297 quod

117 4325 255 4416 opponi
273 4334 310 4395 et
328 4325 432 4416 objici
450 4326 568 4417 possit.
