2768 4876
376 292 425 356 De
442 291 577 357 menn
591 290 625 355 ia
638 291 820 377 emptore
833 289 988 357 matilas:
1032 309 1130 354 rnen.
1142 310 1212 357 run.

375 455 442 512 οὕτω
454 456 483 511 δέ
494 456 557 525 ndns*
569 455 644 524 τήνδε
655 456 688 521 τ’,
699 455 844 526 Ἠλέκτραν
853 455 935 527 λέγω,

377 544 439 612 ὁρᾶν
450 539 562 611 πάρεστί
574 564 626 606 σοι,
639 544 802 611 πατροστερῆ
814 543 900 612 γόνον,

378 627 456 699 ἅμφω
469 628 555 699 φυγὴν
567 629 656 698 ἔχοντε
668 628 714 696 τὴν
725 626 802 694 αὑτὴν
814 628 906 696 δόμων·

373 715 417 768 καὶ
428 718 474 769 τοῦ
483 715 596 785 θυτῆρος
607 714 650 767 καί
660 736 693 769 σε
704 719 827 782 τιμῶντος
837 712 904 783 μέγα

375 803 474 871 πατρὸς
485 802 613 859 νεοσσοὺς
623 799 712 856 τούσδ’
723 800 894 872 ἀποφθείρας,
906 797 986 853 πόθεν
1007 863 1008 866 ¹

376 884 442 952 ἕξεις
455 887 544 956 ὁμοίας
554 889 642 957 χειρὸς
653 887 767 941 εὔθοινον
777 886 869 956 γέραςς

377 971 429 1026 οὔτ’
441 972 516 1026 ἀετοῦ
527 970 626 1043 γένεθλ’
639 971 808 1042 ἀποφθείρας,
821 970 900 1024 πάλιν

375 1055 484 1125 πέμπειν
495 1055 611 1127 ἕχοιςθν
622 1055 714 1126 σήματ’
727 1056 818 1124 εὐπιθῆ
830 1057 943 1126 βροτοῖς·

376 1141 429 1196 οὔτ’
441 1142 547 1213 ἀρχικός
558 1164 604 1197 σοι
615 1144 666 1199 πᾶς
677 1141 715 1198 ὅδ’
727 1142 845 1198 αὐανθεὶς
855 1140 958 1210 πυθμὴν

376 1217 474 1296 βωμοῖς
484 1226 583 1299 ἀρήξει,
595 1227 732 1293 βουθύτοις
744 1227 771 1282 έν
782 1228 871 1297 ἥμασι.

167 1370 218 1447 Iis
234 1371 362 1443 Jovem
379 1372 573 1443 rationibus
590 1372 803 1466 aggreditur,
819 1393 908 1462 quas
930 1371 1091 1440 novimus
1116 1371 1210 1461 apud

167 1494 304 1556 veteres
321 1486 428 1557 fuisse
445 1487 600 1558 maxime
617 1493 824 1578 pervagatae
846 1487 885 1555 in
906 1484 969 1557 toli
988 1491 1210 1576 argumento.

166 1598 344 1692 Deinoeps
360 1608 506 1674 cantant
520 1601 588 1671 sibi
604 1600 756 1673 invicem
773 1609 845 1671 tres
861 1622 1021 1691 personae
1034 1598 1209 1689 triplicem

166 1714 241 1787 sive
266 1717 540 1788 obtestationem
565 1715 635 1785 Dei
662 1714 810 1797 Ultoris,
833 1715 907 1788 sive
931 1711 1211 1806 Agamemnonis

165 1826 297 1899 lessum
314 1829 491 1920 appellare
506 1828 628 1911 molis3
652 1838 749 1901 sorte
766 1827 818 1898 illi
831 1850 951 1900 versus
969 1826 1027 1898 vel
1043 1825 1212 1918 rhythmo

167 1950 204 2013 et
230 1942 400 2032 junotma
427 1943 614 2013 verborum
647 1942 779 2015 usitata
806 1941 1023 2034 supplicibus
1054 1940 1213 2015 earmina

166 2055 347 2146 aptissime
364 2057 531 2127 referunt.
832 2067 835 2075 '

217 2168 312 2250 Quid
326 2170 500 2260 quaeritis?
526 2171 631 2240 saoris
642 2169 739 2239 hisee
756 2168 964 2260 peragendis
977 2169 1121 2240 dimidie
1133 2169 1210 2241 fere

166 2305 246 2375 pars
262 2283 373 2353 totius
389 2285 585 2356 absumitur
597 2285 806 2377 Tragoedias:
828 2284 926 2374 quod
942 2284 1010 2354 nisi
1027 2285 1119 2354 foret
1131 2285 1211 2354 Als-

165 2399 289 2490 ohylns
312 2399 430 2467 animo
446 2399 682 2468 intentissimo
698 2398 736 2467 in
753 2396 941 2489 religiones
957 2396 1126 2478 Deorum,
1146 2399 1207 2467 de-

167 2512 275 2583 bebat
299 2512 427 2600 potius,
446 2513 561 2594 credo,
578 2535 707 2582 navare
724 2532 877 2601 operam,
895 2509 953 2580 vel
972 2533 1055 2580 enm
1072 2509 1210 2602 Sopho·

166 2624 231 2706 ide,
257 2624 470 2694 oollooondis
493 2625 656 2718 gnaviter
677 2623 823 2706 insidiis
841 2621 903 2692 nel
928 2644 1011 2692 eum
1028 2622 1208 2715 Euripide,

166 2738 350 2809 sententiis
367 2747 472 2808 sente
489 2739 673 2809 variandis.

216 2853 400 2935 Praeterea,
417 2861 593 2944 quotquot
618 2852 685 2924 hae
709 2853 830 2924 fabulo
852 2853 1047 2923 renitantur
1062 2850 1208 2925 Chenai

166 2977 300 3051 cantus,
316 2991 359 3038 eo
381 2968 485 3059 plane
511 2977 594 3038 sunt
615 2967 773 3052 modulo,
790 2978 833 3039 ut
849 2969 1021 3038 eontinuo
1040 2977 1209 3038 renonent

166 3091 305 3152 mentes
321 3105 512 3175 sensusque
528 3083 713 3161 hominum
729 3084 766 3153 in
783 3083 1035 3178 cogitationem
1060 3104 1210 3173 praesen·

71 3266 76 3278 ,
165 3196 212 3266 tis
224 3197 305 3279 Dei,
318 3219 499 3287 poenaeque
516 3197 642 3267 divinae
658 3219 706 3267 ex
721 3199 829 3290 sdyto
840 3197 988 3288 jamjam
1005 3194 1208 3287 proditurae:

139 3389 144 3400 κ
165 3332 273 3400 quare
290 3333 361 3380 non
379 3310 473 3382 male
485 3312 632 3380 fortasse
643 3311 783 3402 judicet
795 3311 932 3403 aliquis,
944 3333 1004 3380 eos
1018 3311 1055 3379 in
1072 3317 1209 3400 partem

165 3425 318 3494 solennis
347 3426 557 3502 caerimoniae
583 3426 713 3495 venire.
766 3425 957 3508 Nimirum,
982 3425 1042 3519 qui
1075 3425 1209 3515 primus

165 3535 338 3621 canituri,
356 3539 484 3611 Oreste
503 3540 580 3632 {om
591 3540 643 3610 ed
656 3539 803 3612 insidins
813 3549 985 3622 exeunte,
1002 3538 1136 3610 multus
1154 3548 1209 3608 est

165 3655 202 3723 in
219 3654 424 3734 exserendis
449 3676 636 3745 pravorum
658 3654 849 3726 mulierum
865 3654 1098 3735 facinoribus3
1125 3675 1207 3742 oum

165 3765 321 3850 Altheae,
338 3791 419 3862 quae
436 3767 548 3839 filium
565 3777 709 3861 propter
724 3771 813 3840 iram
831 3769 970 3851 oceidit,
984 3776 1063 3838 tum
1076 3765 1207 3857 Scyllae

166 3878 396 3972 Megarensis,
424 3905 505 3974 quae
531 3888 681 3973 patrem,
710 3883 823 3951 insani
852 3881 980 3953 amoris
1005 3901 1109 3972 ergo;
1136 3901 1208 3970 prae

164 3996 302 4064 coeteris
331 4005 452 4066 autem
482 3997 686 4066 cumomni
717 3995 952 4066 detestatione
980 3994 1210 4065 nominantur

579 4266 591 4297 ¹¹
611 4267 723 4336 conspe.
737 4267 797 4336 583.
