2768 4876
162 335 278 381 ΡΜ».
287 340 386 381 xxxv.
406 319 534 381 Summa
547 338 649 381 aarum
663 340 731 402 quae
745 318 781 381 ole
792 319 931 381 Lucretio
946 328 1017 382 auru
1031 319 1122 383 dictu.
1168 322 1232 388 713

165 491 292 562 talem
320 491 460 562 virum?
497 493 616 583 ecquis
648 514 719 560 nou
747 493 885 561 veniam
916 495 1034 584 potius
1062 494 1234 563 concedet

169 628 247 676 sua
271 605 487 676 collaudanti
512 607 631 698 paullo
646 606 810 687 liberius,
837 617 980 700 propter
1009 610 1235 702 significatio}

170 743 265 790 mem
283 722 417 790 arcana
435 728 473 791 e't
491 722 634 813 optimae
649 721 822 792 Natural

232 953 352 1034 Quare
378 950 418 1021 u't
446 954 599 1022 breviter
624 975 666 1022 ea
695 963 936 1036 retractemus,
958 978 1035 1045 quae
1067 955 1104 1023 in
1133 953 1233 1023 hodi-

179 1091 267 1137 erna
292 1091 397 1138 causa
422 1079 505 1137 sunt
531 1070 647 1138 dicta:
683 1071 849 1159 quoniam
875 1072 1074 1150 statuimus,
1102 1070 1232 1139 Lucre-

182 1184 274 1252 tium
300 1182 413 1272 primo
440 1185 599 1264 materie,
619 1184 745 1252 deinde
771 1207 900 1276 genere
918 1186 1057 1254 dicendi
1075 1194 1112 1255 et
1130 1208 1231 1279 argu·

183 1299 375 1376 mentandi‚
395 1321 476 1367 cum
503 1321 622 1367 amore
640 1299 793 1389 quodam
820 1298 990 1392 delegisse
1016 1301 1092 1382 sibi,
1118 1301 1231 1391 siquid

183 1414 383 1483 abstrusum
402 1423 487 1495 erat,
506 1415 534 1483 si
552 1415 637 1505 quid
658 1415 881 1497 immensum,
899 1417 928 1484 si
946 1415 1029 1506 quid
1047 1415 1154 1485 nullis
1170 1416 1232 1485 ob-

184 1539 324 1619 septum
342 1530 522 1598 terminis:
552 1530 661 1619 (quod
687 1551 800 1621 genus
821 1552 932 1598 unum
950 1531 1108 1599 omnium
1134 1553 1233 1599 max-

183 1644 252 1713 ime
287 1666 468 1714 removere
502 1643 593 1713 solet
622 1645 758 1714 animos
788 1668 809 1714 a
839 1643 974 1738 vulgari
1004 1653 1042 1714 et
1073 1644 1231 1735 populari

184 1761 292 1852 vitat)
318 1766 491 1850 praetersa
507 1781 589 1828 cum
608 1781 667 1829 eas
690 1760 846 1850 undique
870 1768 1025 1829 sectetur
1051 1761 1232 1853 imagines

184 1897 260 1964 quae
287 1885 365 1943 tum
391 1875 635 1967 magnitudine
661 1882 740 1943 tum
768 1882 953 1943 venustate
980 1875 1148 1966 impressa
1172 1898 1232 1968 ge-

184 1998 262 2058 rant
281 1987 449 2057 Numinis
468 1988 637 2080 vestigia;
661 2011 814 2079 cumque
831 2010 873 2057 ea
895 1988 1021 2057 fundat
1042 1998 1119 2058 tum
1145 1990 1233 2082 phy·

184 2107 334 2176 sicorum
362 2115 441 2175 tum
471 2105 804 2174 mathematicorum
834 2105 942 2174 etiam
973 2103 1123 2185 oracula,
1151 2128 1231 2195 qnae

184 2243 321 2311 semper
342 2220 479 2312 erigant
500 2221 636 2289 animos
661 2221 699 2287 in
725 2220 838 2310 spatia
855 2220 1017 2309 quaedam
1037 2218 1178 2288 excelsa
1194 2228 1231 2289 et

184 2335 351 2404 obscura:
378 2357 450 2403 non
475 2335 542 2403 erit
569 2357 631 2402 cur
656 2334 744 2402 adeo
768 2334 955 2414 miremini,
975 2333 1091 2424 plures
1117 2334 1161 2402 ab
1179 2357 1231 2415 co,

183 2472 287 2540 quam
319 2449 365 2518 ab
392 2450 488 2518 omni
516 2458 676 2518 veterum
707 2448 824 2528 choro,
855 2449 1070 2539 suppeditari
1102 2471 1231 2532 versuo,

183 2564 242 2654 qui
273 2564 317 2633 ad
345 2586 429 2634 usus
454 2586 536 2632 vere
562 2564 697 2633 divinos
728 2563 886 2633 adhiberi
916 2565 1061 2654 possint.
1114 2563 1232 2647 Adeo,

167 2677 377 2771 'Epicureus
403 2702 485 2748 cum
511 2688 614 2760 esset,
634 2689 671 2748 ct
688 2681 806 2749 edicto
833 2680 984 2748 nationis
1010 2702 1080 2748 suaa
1098 2688 1232 2748 vetare-

183 2801 250 2873 tur,
269 2815 315 2860 ne
333 2790 450 2860 Deum
469 2791 543 2861 ulla
560 2793 748 2861 formidine
774 2793 918 2875 coleret,
936 2802 1061 2884 sponte
1081 2817 1118 2863 se
1135 2817 1230 2864 rece-

184 2909 235 2997 pit
252 2909 289 2975 in
305 2905 456 2977 Naturae
473 2930 638 2989 recessus,
653 2916 759 2998 atque
777 2910 813 2976 in
833 2908 996 2978 obscuras
1016 2909 1231 2978 infinitarum

183 3045 299 3091 rerum
317 3024 489 3091 notiones.
542 3023 599 3091 Ex
615 3024 682 3093 hac
699 3024 819 3114 itaque
840 3025 988 3094 materia
1006 3025 1138 3094 dolavit
1165 3025 1231 3094 sibi

183 3136 378 3229 religiones,
396 3137 518 3228 quales
538 3146 687 3228 poterat.
735 3139 896 3230 Adytum
915 3139 1079 3209 videlicet
1101 3141 1231 3209 intrare

183 3276 253 3322 non
270 3276 385 3334 ausus,
400 3252 539 3322 errabat
557 3253 816 3343 quodammodo
836 3255 929 3323 circa
946 3253 1037 3324 fores
1055 3264 1091 3323 et
1111 3255 1232 3325 limina

183 3369 268 3458 ejus,
287 3390 369 3437 oum
386 3389 536 3437 moerore
553 3378 590 3436 et
608 3368 790 3449 desiderio,

324 3537 513 3608 Tendebatque
524 3555 620 3591 manus
633 3538 697 3608 ripae
710 3540 841 3594 ulterioris
853 3559 950 3595 amore.

233 3690 342 3761 Hunc
368 3692 520 3782 denique
547 3691 667 3779 (modo
693 3695 739 3763 sit
765 3698 950 3787 auguranti
977 3698 1093 3789 venia)
1118 3698 1230 3766 voluit

184 3804 288 3876 Draus
311 3804 399 3875 ΟΡΤ.
428 3804 538 3875 Max.
564 3808 691 3899 insigni
722 3807 796 3877 fore
826 3811 1049 3892 documento,
1078 3834 1229 3902 quonam

184 3921 406 4010 potissimum
432 3921 468 3989 in
494 3943 640 3991 numero
668 3924 713 3992 sit
739 3924 901 3993 habenda
918 3934 995 3992 tum
1015 3926 1126 3994 omnis
1151 3927 1230 3996 haeo

184 4035 297 4105 forma
321 4044 358 4104 et
385 4035 492 4105 facies
517 4038 747 4118 mundilam
773 4038 834 4107 illa
860 4040 1052 4129 praesertim
1079 4039 1231 4111 Poeseos

184 4171 273 4239 pars,
291 4173 368 4241 quae
386 4174 467 4220 cum
486 4152 608 4220 eadem
627 4154 821 4222 arctissime
839 4155 1073 4246 conjungitur.
1118 4154 1156 4224 N
1158 4180 1231 4226 em·

185 4286 238 4354 pe,
263 4265 396 4355 pietate
421 4266 576 4335 nondum
604 4269 754 4358 cognita,
777 4291 889 4359 genus
918 4260 986 4339 hoc
1016 4294 1120 4339 omne
1149 4294 1231 4339 con-
