2768 4876
168 324 232 386 410
272 419 273 422 Ἴ
435 325 567 388 Ehotroe
574 347 707 410 percocto
721 329 755 390 ιἰι
772 328 949 413 Οίοὲμίονὶι
1034 351 1129 393 annu.
1146 352 1212 394 xxr.

165 501 219 562 rat
237 495 375 563 animo:
397 494 483 585 quin
501 507 539 563 et
556 495 631 586 ipse
648 495 714 565 sibi
733 506 883 566 mortem
899 497 1108 588 deprecatus
1125 506 1212 577 erat,

164 609 285 679 audita
303 609 425 679 matris
441 609 479 678 in
496 619 677 679 mortuum
698 613 842 682 datram
860 611 1111 683 contumelia⁰z

374 749 404 802 τὸ
416 750 467 802 πάν
478 747 574 816 άτίμως
585 747 687 819 ἔλεξας,
700 747 776 818 οἴμοι·

374 837 472 907 πατρὸς
484 836 506 891 δ’
518 833 645 906 ἀτίμωσιν
656 836 706 906 άρίι
718 837 795 900 τίσει,

374 921 444 977 ἕκατι
455 922 502 992 μὲν
514 923 650 992 δαιμόνων,

374 1007 444 1062 ἕκιιτι
456 1007 478 1062 δ’
491 1008 558 1079 άμᾶν
567 1014 660 1079 χερῶν·

374 1094 467 1149 ἔπειτ’
487 1095 544 1166 ἐγὼ
563 1097 724 1167 νοσφίσας
741 1096 882 1165 ὀλοίμαν.

164 1210 389 1302 Quapropter
405 1211 513 1281 etiam
538 1212 574 1279 in
597 1210 668 1280 fine
685 1210 892 1303 Tragoediae,
911 1209 1115 1279 sedentibus
1134 1211 1210 1301 jam

163 1327 200 1394 in
227 1325 350 1396 limine
377 1324 503 1407 Furiis,
531 1349 640 1419 seque
663 1327 740 1418 jam
766 1326 945 1418 dejectum
970 1327 1012 1394 iri
1041 1326 1086 1394 de
1116 1335 1211 1396 statu

163 1442 293 1511 mentis
324 1463 398 1510 suae
425 1442 595 1523 conscius,
617 1442 668 1512 ita
693 1465 730 1512 se
756 1441 844 1510 nihil
869 1443 1055 1511 confirmat
1081 1451 1213 1533 praeter

163 1555 216 1626 fas
250 1565 288 1625 et
315 1556 398 1648 jura
426 1557 618 1642 admisisse,
646 1559 808 1627 invectus
841 1558 955 1648 primo
989 1557 1026 1624 in
1058 1567 1210 1625 matrem

163 1672 361 1763 asperrimis
392 1673 516 1755 verbis,
543 1674 670 1742 deinde
696 1673 753 1742 vel
784 1681 953 1742 excusato
980 1671 1105 1740 Phoebi
1136 1695 1212 1741 ora-

164 1787 254 1870 culo,
272 1788 328 1857 vel
346 1811 463 1858 coram
485 1789 638 1859 adducta
663 1788 782 1859 laniati
804 1787 1083 1881 Agamemnonis
1101 1796 1210 1869 veste,

163 1911 205 1971 ut
235 1912 353 1972 tamen
383 1903 584 1996 intelligant
613 1927 746 1986 omnes,
773 1905 942 1973 divinitus
973 1926 1055 1972 eum
1085 1903 1211 1995 egisse,

163 2041 235 2089 non
252 2028 377 2110 sponte
395 2041 478 2101 sua3
503 2043 569 2089 nec
586 2020 737 2088 invitum
755 2021 873 2101 modo,
893 2020 955 2088 sed
973 2020 1081 2088 etiam
1099 2019 1212 2089 maxi-

164 2135 230 2203 mis
248 2144 285 2202 et
302 2133 534 2203 acerbissimis
551 2135 730 2204 doloribus
748 2136 961 2205 confectum.

215 2249 284 2319 His
309 2250 469 2320 addenda
486 2252 650 2340 quaedam
668 2259 778 2331 erant,
797 2250 824 2319 si
850 2249 957 2318 modo
984 2270 1047 2339 per
1069 2256 1212 2339 tempus

164 2361 298 2446 liceret,
317 2364 486 2434 etiamad
506 2365 657 2435 Electrae
677 2386 861 2456 personam
880 2362 1111 2454 pertinentia:
1140 2384 1210 2430 non

164 2478 289 2548 ferocis
314 2478 408 2548 illius
434 2487 472 2548 et
497 2481 659 2549 convitiis
683 2488 864 2571 promptae,
887 2477 998 2569 qualis
1024 2475 1118 2568 apud
1145 2474 1213 2544 So-

164 2592 327 2684 phoclem
352 2594 505 2687 fingitur,
533 2617 647 2686 neque
669 2595 705 2663 in
731 2594 845 2664 solum
873 2602 1008 2685 patrem
1039 2589 1211 2660 officiosae.

165 2707 302 2778 Audite
319 2731 402 2778 vero
420 2732 509 2791 eam,
527 2732 633 2801 quam
651 2709 779 2779 leniter
795 2718 878 2803 agat
895 2732 976 2778 cum
995 2714 1211 2787 metretum

164 2847 245 2893 cum
273 2825 429 2895 maxime
454 2826 530 2917 ipsa
550 2833 795 2895 commovetur
818 2824 989 2894 memoria
1005 2823 1122 2913 patris,
1141 2822 1212 2889 suis

165 2939 230 3008 sub
248 2938 358 3009 oculis
375 2935 495 3010 caesid.

375 3075 451 3147 duod)
461 3073 568 3146 Ἀρειον
580 3078 685 3145 κομμόν·
705 3072 759 3130 εἶτα
772 3075 885 3130 Κισσίας

375 3165 492 3232 νόμοισιν
503 3163 691 3232 πολεμιστρίας

375 3250 592 3319 άπρικτόπληκτα,
603 3249 790 3316 πολυπλάνητα
801 3246 823 3301 δ’
836 3245 867 3315 ἦν
878 3247 941 3301 ἰδεῖν

377 3337 500 3404 κροτητὸν
511 3334 576 3404 ἁμὸν
588 3335 629 3388 καὶ
641 3335 783 3388 πανάθλιον
795 3334 868 3402 κάρα.

165 3446 323 3517 Aruibus
357 3448 617 3541 quodammodo
652 3469 830 3517 recurrere
865 3445 1005 3514 videtur
1038 3443 1082 3511 ad
1118 3443 1212 3532 ipsos

166 3563 351 3632 vulnerum
386 3588 498 3648 sonos,
530 3566 763 3655 dextramque
798 3562 933 3630 miserae
967 3557 1124 3627 mulieris
1154 3557 1211 3626 hic

165 3678 237 3750 illic
260 3682 380 3772 rapide
400 3683 584 3773 jactatam.
637 3680 731 3765 Quid
750 3688 828 3748 tum
847 3676 1014 3746 Electra?
1040 3698 1157 3744 nonne
1176 3677 1212 3742 in

165 3797 257 3866 diras
286 3797 464 3888 erumpit?
504 3797 621 3866 Immo
651 3794 732 3865 lene
761 3794 862 3876 illud,
892 3817 932 3862 ac
962 3800 1140 3869 moestum,
1171 3810 1237 3859 ao·

166 3911 283 3980 flebile
314 3914 419 3992 canit,
448 3912 663 3983 miserationi
694 3908 818 3990 multo,
842 3932 949 4000 quarn
980 3909 1048 3986 irae,
1073 3907 1214 3999 propin-

191 4049 278 4096 lllUS.

167 4052 187 4118 q
377 4121 416 4186 ἴω,
429 4121 468 4185 ior,
482 4119 539 4176 δαΐα
551 4124 682 4192 πάντολμε
694 4124 782 4192 μᾶτερ,

377 4204 458 4263 δαΐαις
471 4209 497 4262 ἐν
510 4209 641 4279 ἐκφοραῖς,

272 4357 284 4384 ⁰
301 4348 411 4417 Οίιοέμίι.
426 4365 486 4416 432·
