2768 4876
165 155 229 225 672
321 156 481 221 hanniae
493 164 642 220 mulcatus
651 156 763 240 paucis
776 140 968 240 imaginibus.
992 178 1089 218 rnna.
1100 176 1207 220 xxxm.

165 329 364 421 hujusmodi
381 329 566 422 exempla3
592 330 722 422 quippe
740 331 799 420 qui
818 328 985 399 libentius
1002 329 1211 421 plerumque

165 449 200 515 in
220 448 349 516 usitata
366 470 408 516 ac
426 445 559 539 vulgari
579 446 735 514 omnium
756 446 899 538 regione
916 453 1086 514 versetur.
1137 444 1210 515 Vix

165 585 364 653 quenquam
382 563 539 632 invenias
552 572 625 631 tam
644 584 748 652 parca
761 560 972 652 supellectili
986 564 1210 630 contentum:

166 675 227 744 des
244 675 387 745 aetheris
403 675 509 744 modo
527 673 786 767 aliquantulum
805 683 843 744 et
857 673 1002 756 Oceani,
1015 697 1087 743 non
1102 674 1214 743 deerit

166 790 224 858 ubi
244 791 300 860 vel
319 815 355 861 se
374 792 550 862 delectare
573 791 714 882 poterit,
732 790 790 860 vel
815 801 1024 883 argumenta
1049 813 1092 860 ac
1118 789 1214 859 locos

166 907 296 987 venari,
307 909 434 997 quibus
450 907 592 998 Epicuri
611 907 665 975 sni
683 905 939 997 philosophiam
954 914 1109 974 tueatur.
1148 904 1215 974 Ni-

166 1024 307 1106 mirum,
338 1048 546 1116 quocunque
582 1047 620 1092 se
647 1023 792 1092 verterit
826 1022 962 1113 aliquis,
993 1021 1099 1112 plena
1133 1032 1215 1090 sunt

167 1139 285 1206 omnia
301 1139 436 1207 arcanis
453 1136 603 1226 altisque
621 1137 853 1206 documentis,
905 1135 1004 1206 Nihil
1026 1159 1115 1228 opus
1132 1144 1215 1207 sunt

167 1251 365 1344 longinquae
382 1253 691 1345 peregrinationes
709 1252 796 1321 nihil
819 1275 947 1345 magna
969 1251 1140 1322 librorum
1159 1277 1216 1322 co-

166 1369 234 1460 pia,
261 1369 345 1437 nihil
379 1370 548 1439 curiosior
576 1368 729 1437 historiae
757 1370 885 1438 veteris
916 1369 1121 1460 inquisitio:
1151 1370 1217 1439 cir-

167 1485 340 1554 cumferas
378 1487 484 1553 modo
523 1484 652 1566 oculos,
682 1485 796 1554 aderit
834 1485 990 1567 materia,
1026 1493 1216 1577 postquam

167 1600 275 1670 semel
294 1623 331 1668 se
348 1602 490 1691 penitus
509 1601 678 1670 imbuerit
701 1602 838 1671 animus
856 1610 953 1671 certa
969 1601 1123 1692 quadam
1142 1602 1217 1670 sive

168 1717 327 1785 doctrina
361 1739 422 1786 seu
457 1717 671 1786 somniorum
707 1718 807 1796 serie,
835 1717 1006 1787 doctrinae
1036 1717 1216 1787 similium.

169 1832 285 1901 Immo
313 1856 394 1902 cum
424 1834 556 1902 eximia
577 1833 728 1924 quadam
755 1831 938 1924 voluptate
964 1842 1001 1902 et
1029 1835 1216 1924 concipere

167 1949 320 2018 solemus
346 1961 383 2018 et
409 1950 529 2018 fovere
555 1971 614 2018 eas
641 1949 832 2039 prasertim
860 1948 1051 2040 opiniones,
1073 1972 1152 2041 quae
1178 1958 1216 2018 et

168 2063 265 2155 vulgi
292 2073 434 2154 captum
459 2065 706 2134 transcendere
731 2063 928 2145 videantur,
945 2074 982 2133 et
1008 2066 1052 2134 ad
1079 2087 1139 2133 eas
1164 2072 1216 2132 ta-

168 2202 250 2249 men
281 2204 335 2250 res
365 2181 574 2272 pertineant,
600 2204 677 2271 qnae
707 2180 743 2249 in
772 2178 882 2248 oculis
909 2189 1016 2270 atque
1046 2203 1109 2250 ore
1134 2189 1216 2249 sunt

168 2296 337 2366 omniurn.
391 2296 534 2387 Nempe
559 2296 707 2365 mirifice
733 2295 798 2364 sibi
820 2295 948 2386 placet,
966 2297 1027 2387 qui
1046 2296 1083 2364 in
1110 2296 1225 2365 rebus

169 2412 276 2480 etiam
296 2413 487 2505 peregrinis
504 2421 612 2503 atque
629 2410 799 2481 obsoletis
814 2413 952 2482 acutius
969 2412 1137 2503 quiddam
1155 2432 1218 2479 ex-

169 2526 397 2617 cogitaverit;
420 2526 480 2594 sed
500 2549 591 2594 novo
612 2549 653 2595 ac
674 2525 814 2616 proprio
831 2523 965 2595 lumine
983 2526 1115 2595 donare
1141 2547 1217 2616 per-

171 2652 330 2732 vagatam
355 2641 507 2732 aliquam
532 2665 572 2710 ac
596 2643 717 2710 tritam
743 2642 969 2733 provinciam,
987 2643 1023 2711 id
1041 2665 1125 2711 vero
1149 2642 1217 2710 sin·

169 2757 299 2849 gularis
320 2759 500 2849 sapientise
517 2782 558 2828 ac
576 2767 715 2827 tantum
741 2781 811 2826 non
831 2759 959 2826 divinae
977 2759 1052 2827 fore
1068 2781 1217 2850 augura-

169 2895 259 2940 mur.
312 2873 406 2955 Quin
433 2872 503 2942 alio
528 2897 627 2964 paene
653 2896 768 2954 sensu,
794 2882 925 2964 praeter
949 2872 1028 2942 illos
1050 2873 1216 2965 quinque,

170 3012 257 3079 quos
287 2990 385 3057 novit
414 2989 565 3073 Natura,
595 2991 766 3081 praeditus
797 3012 873 3058 esse
899 2990 1069 3072 videatur,
1094 2989 1154 3079 qui
1181 2989 1216 3056 in

170 3105 332 3175 universo
346 3106 413 3176 hoc
426 3109 519 3189 orbe,
535 3107 618 3188 sole,
632 3106 731 3189 cael0,
745 3129 913 3198 aquarum
932 3106 1092 3196 aerisque
1105 3114 1216 3181 motu,

170 3224 365 3311 potentiam
384 3225 558 3314 quandam
584 3222 761 3293 occultam
785 3246 855 3292 non
875 3223 980 3291 modo
997 3223 1141 3304 sentire,
1159 3245 1218 3290 ve·

171 3361 247 3404 rum
264 3339 306 3407 ad
322 3337 520 3429 legitimum
533 3362 674 3431 quoque
687 3338 883 3421 modulum,
892 3349 1074 3430 certasque
1088 3339 1215 3431 agendi

171 3454 322 3523 rationes
353 3455 494 3546 exigere
523 3458 643 3547 possit.
697 3456 756 3524 Ne
786 3456 877 3524 forte
907 3457 1055 3525 miretur
1079 3456 1216 3546 aliquis,

171 3593 276 3660 quem
303 3591 366 3637 nos
393 3571 529 3640 obscuri
556 3583 594 3642 et
619 3571 746 3641 infiniti
777 3572 1007 3661 praecaeteris
1036 3582 1215 3641 amantem

170 3686 276 3756 fuisse
300 3686 547 3776 judicavimus,
574 3691 726 3758 eundem
753 3689 790 3755 in
816 3689 1043 3779 apertissimis
1073 3690 1215 3780 campis,

171 3811 278 3892 atque
295 3803 330 3870 in
350 3803 464 3885 trivio,
483 3812 524 3872 ut
541 3805 592 3874 ita
609 3807 734 3887 dicam,
753 3807 945 3874 maximam
967 3813 1104 3897 partem
1123 3804 1217 3874 ultm

172 3925 346 3984 versatum
366 3918 484 3990 fuisse.

223 4028 305 4099 “At
330 4035 425 4102 enim
452 4058 522 4103 non
548 4037 679 4104 invitus
705 4044 862 4105 moratur
888 4036 1064 4103 interdum
1086 4033 1216 4103 Lucre·

135 4215 145 4230 „
172 4147 242 4214 tius
268 4156 388 4215 noster
412 4149 448 4215 in
473 4151 620 4219 materie
647 4152 730 4220 satis
758 4150 929 4241 impedita
954 4160 991 4218 et
1015 4149 1213 4242 multiplici.
