2768 4876
127 332 224 373 nanu.
237 330 318 374 xxu.
382 312 491 376 Joaam
504 311 611 398 ubique
626 317 790 379 Auctorem
804 315 951 382 adhiberi.
1115 324 1178 387 433

128 482 274 574 Apollo,
302 485 515 575 pmcedente
539 487 615 576 jam
646 487 719 567 lite,
746 490 884 560 disertis
910 493 1024 562 verbis
1049 494 1178 567 Jovem

126 595 319 690 appellath:

337 719 470 774 οὐπώποτ’
481 719 553 776 tirou
564 725 722 790 μαντικοῖσιν
735 724 762 778 ἐν
771 725 881 796 θρόνοις,

340 808 386 860 οὐκ
398 806 498 876 ἀνδρὸς,
511 809 541 861 οὐ
552 809 680 879 γυναικὸς,
693 810 723 862 οὐ
734 813 835 868 πόλεως
845 812 913 883 πέρι,

341 891 356 944 ὅ
368 893 402 961 μὴ
414 891 533 948 ’κελευσε
546 898 607 950 Ζεῦς
616 893 766 964 Ὀλυμπίων
777 897 870 968 πατήρ.

129 1053 346 1147 Diligentius
384 1078 428 1124 ea
465 1059 696 1142 considerate,
731 1061 860 1151 quibua
898 1062 968 1132 ista
1001 1061 1178 1135 clauditur

127 1171 250 1251 eratin,

338 1305 423 1377 βοῦλῃ
434 1309 576 1380 πιφοῦσκω
588 1309 610 1364 δ’
622 1307 682 1380 ὔμμ’
696 1311 854 1367 ἐπισπέσθαι
865 1317 971 1384 πατρός·

338 1393 415 1464 ὅρκος
425 1396 476 1466 γὰρ
488 1400 543 1450 οὔτι
555 1397 634 1464 Ζηνὸς
646 1396 732 1468 ἰσχύει
743 1398 833 1453 πλέον.

128 1539 184 1608 Eu
210 1541 455 1633 gravissimum
472 1565 566 1612 verae
587 1543 730 1634 pietatis
748 1543 1024 1628 documentum
1052 1568 1098 1614 ne
1117 1547 1177 1636 ju-

126 1657 211 1725 ratis
229 1657 372 1747 quidem
398 1657 599 1728 hominibus
617 1658 805 1728 dicendum
829 1681 875 1729 ex
901 1662 1008 1730 animi
1024 1663 1080 1730 eui
1098 1684 1177 1731 seu-

126 1774 250 1855 tentia,
268 1773 369 1863 siqua
384 1772 520 1844 ratione
537 1775 621 1843 satis
638 1781 788 1854 constet,
805 1775 989 1845 adversam
1007 1776 1082 1846 fore
1096 1799 1177 1846 sen-

125 1888 277 1957 tentiam
294 1887 319 1957 J
320 1889 405 1958 ovis.

180 2002 277 2086 Quin
312 2011 350 2072 et
379 2004 532 2086 Oresten,
559 2005 721 2096 judicata
752 2007 827 2096 jam
868 2029 981 2088 eausa,
1012 2006 1064 2077 ita
1099 2006 1172 2076 Mi-

124 2140 244 2187 nervae
278 2126 316 2188 et
346 2117 505 2210 Apollini
539 2123 668 2212 gratias
702 2121 783 2214 agit,
814 2129 856 2190 ut
889 2120 1017 2191 Jovem
1052 2130 1173 2193 tamen

123 2235 304 2325 praecipuo
319 2257 363 2304 ae
379 2234 519 2328 proprio
536 2235 679 2306 nomine
696 2242 829 2331 σοπῆρα
847 2237 913 2306 sibi
931 2237 1109 2309 vindicare
1122 2239 1173 2307 vi-

123 2344 291 2418 deaturl‘:

334 2508 451 2582 Ἀργεῖος
462 2506 533 2580 κί’νὴμ
545 2510 625 2574 αὖθις,
637 2511 665 2566 ἕν
676 2535 704 2566 τε
715 2511 847 2582 χρῆμασιν

334 2597 399 2650 οἶκεῖ
408 2596 544 2669 πατρῴοις,
556 2598 697 2653 Παλλάδος
708 2599 749 2652 καί
761 2598 855 2668 Λοξίου

332 2683 413 2747 Ιἕκατι,
426 2684 467 2737 καί
479 2688 524 2738 τοῦ
536 2686 618 2738 πάντα
630 2685 776 2753 κραίνοντος
786 2685 874 2753 τρίτου

331 2773 459 2840 Σωτῆρος,
472 2768 500 2826 ὃς
510 2775 629 2843 πατρῷον
640 2771 769 2827 attentes
779 2774 859 2841 μόρον

335 2858 411 2922 σώζει
422 2879 464 2926 με,
475 2859 571 2926 μητρὸς
582 2858 663 2912 τάσδε
675 2859 810 2914 συνδίκους
821 2858 897 2929 ὀρῶν.

173 3005 338 3098 Denique
355 3007 472 3077 Pallae
488 3009 564 3099 ipsa
580 3030 652 3076 uon
669 3008 738 3078 alia
754 3009 865 3101 magis
882 3007 1018 3077 ratione
1035 3008 1172 3080 demul-

122 3130 180 3192 cet
205 3123 312 3192 iratas
332 3123 381 3192 ob
406 3122 507 3192 litem
532 3123 706 3214 perditam
725 3122 857 3205 Furias,
874 3144 981 3214 quam
998 3125 1093 3214 quod
1118 3126 1170 3196 ita

30 3287 36 3294 -
121 3237 204 3307 Jovi
229 3238 430 3330 placuerat3
460 3239 560 3328 eujus
578 3237 694 3306 edicto
712 3239 877 3307 standum
893 3246 970 3307 erat
987 3248 1169 3338 utcunque

123 3354 297 3434 omnibuS,
317 3353 384 3423 etsi
400 3351 499 3421 nullo
516 3364 620 3444 paeto
639 3360 865 3444 perspectum
882 3353 1064 3437 haberent,
1081 3378 1168 3447 quo-

121 3470 252 3538 namin
263 3469 356 3560 jure,
374 3491 487 3560 quave
503 3469 640 3537 ratione
657 3463 907 3550 decrevisset&

328 3631 392 3685 ἀλλ’
405 3631 433 3685 ἐκ
445 3633 506 3688 Διὸς
517 3632 568 3702 γὰρ
578 3631 685 3701 λαμπρὰ
695 3629 821 3702 μαρτύρια
832 3632 924 3700 παρῆν.

121 3777 227 3861 Quod
262 3779 368 3870 siquis
396 3780 591 3848 etiamnum
625 3778 769 3871 indigue
799 3800 841 3847 ,se
869 3776 944 3869 pati
972 3775 1164 3861 existimet,

121 3895 209 3963 sciat
242 3901 362 3963 tamen
399 3893 471 3976 ille,
502 3895 595 3985 quod
628 3893 739 3963 semel
773 3891 856 3962 Jovi
891 3892 937 3961 sit
970 3899 1098 3975 ratum,
1127 3893 1164 3962 id

119 4008 226 4078 nullis
250 4011 454 4101 opinionum
475 4010 685 4080 commentis
709 4031 825 4100 neque
840 4006 951 4077 deleri
975 4029 1078 4098 posse
1102 4031 1164 4078 ne-

189 4249 205 4286 ¹¹
222 4249 300 4304 Eum.
313 4250 374 4321 619.
573 4251 581 4289 ἱ
598 4251 667 4305 Ibid.
682 4250 741 4322 760.
918 4248 929 4278 ¹¹
946 4247 1016 4302 ibid.
1029 4248 1090 4302 800.

626 4362 649 4410 n
664 4342 685 4409 f
