2768 4876
162 343 259 384 rnna.
272 343 360 382 xxiv.
411 322 588 386 Pindarico
602 333 781 407 urpurueuta
795 344 853 386 aaa
867 333 967 407 sperne
980 325 1068 386 romi.
1150 324 1214 389 477

163 493 208 560 ad
227 491 381 561 alterum
407 492 494 562 illud
520 516 643 586 genus,
661 495 756 584 quod
778 495 813 562 in
841 495 1003 586 proximo
1022 517 1123 563 versu
1141 493 1216 562 lau·

164 607 343 676 datur:-

378 702 470 756 Flebili
483 720 589 772 sponsae
597 704 755 774 juvenemve
768 713 875 773 raptum

380 787 478 850 Plorat,
489 798 516 842 et
528 789 597 842 vires
609 789 782 859 animumque
793 808 934 861 moresque

381 874 485 928 Aureus
497 875 587 928 educit
598 875 627 927 in
639 883 718 938 astra,
731 875 862 945 nigroque

594 961 699 1015 Invidet
713 961 785 1015 Orco
794 982 836 1014 :—

164 1083 290 1152 debuit
317 1085 441 1173 utique
466 1106 571 1154 causa
599 1082 672 1166 illa,
700 1095 773 1153 tam
801 1085 938 1153 diversa
963 1085 1007 1153 ab
1034 1082 1214 1175 Epiniciis

165 1200 201 1267 in
228 1199 375 1268 clariore
402 1198 482 1268 luce
508 1200 691 1268 scribentis
717 1200 898 1292 ingenium
925 1208 1031 1290 atque
1058 1198 1213 1268 indolem

164 1335 307 1404 ponere.
360 1312 452 1382 Cum
475 1337 558 1382 vero
584 1313 659 1382 fato
680 1314 832 1403 quodam
856 1315 1011 1382 maxima
1036 1337 1114 1404 pars
1139 1316 1215 1404 ejus

164 1425 363 1494 carminum
389 1426 572 1506 interierit,
596 1448 673 1515 quae
699 1435 820 1495 autem
846 1425 980 1517 reliqua
1006 1428 1086 1506 sint,
1107 1428 1216 1518 perti-

165 1547 274 1608 neant
292 1541 404 1608 ferme
426 1541 545 1608 omnia
569 1542 613 1609 ad
637 1542 817 1632 gymnicas
835 1542 1010 1622 victorias,
1029 1544 1213 1610 materiem

164 1663 242 1723 tum
271 1677 335 1745 per
360 1677 397 1723 se
416 1656 639 1746 jejuniorem,
658 1664 736 1723 tum
761 1655 860 1724 nulla
882 1657 1074 1725 admodum
1098 1678 1214 1724 rerum

165 1769 338 1838 varietate
376 1770 604 1838 distinctam:
646 1778 804 1860 superest
839 1763 880 1839 ut
915 1793 984 1860 qua
1022 1772 1215 1861 poterimus

165 1884 365 1962 subtilitate
391 1885 529 1954 abditos
553 1887 628 1976 ejus
652 1884 800 1954 affectus
826 1886 1034 1967 odoremur;
1060 1887 1096 1954 id
1121 1886 1215 1977 quod

165 2000 217 2068 ita
245 1999 308 2069 fiet
336 2001 479 2090 optime,
507 2001 535 2069 si
561 2000 768 2079 videbimus,
796 2023 867 2090 quo
893 2002 991 2090 quasi
1022 2009 1128 2091 portu
1158 2025 1216 2070 ac-

165 2113 347 2202 quiescere
383 2112 494 2182 soleat
519 2113 640 2183 Poesis
670 2116 754 2205 ejus,
786 2122 866 2204 post
896 2122 951 2183 tot
981 2114 1147 2206 ambages
1177 2124 1215 2182 et

165 2224 341 2310 ἐνδόσιμας
371 2252 449 2319 quae
475 2231 696 2320 potissimum
726 2239 858 2321 quaerat
887 2228 1114 2312 diverticula3
1145 2253 1215 2320 quo

165 2344 322 2412 maxime
339 2344 375 2411 in
393 2353 603 2436 argumento
620 2345 745 2414 ludant
763 2356 870 2434 atque
883 2344 1048 2413 exultent
1066 2346 1214 2413 numeri.

215 2457 407 2527 Noverunt
433 2459 528 2527 enim
552 2462 700 2551 experti,
728 2460 875 2529 mirifice
906 2461 1104 2528 consentire
1130 2458 1214 2527 hinc

165 2573 305 2642 aurium
323 2573 422 2642 illinc
439 2575 637 2643 animorum
656 2576 887 2644 desiderium:
914 2574 1077 2644 liberiore
1094 2574 1215 2664 itaque

165 2711 257 2758 vena
286 2688 396 2758 fluere
425 2692 589 2772 carmina,
618 2699 655 2759 et
686 2690 822 2759 facilius
847 2691 885 2758 in
911 2698 1069 2758 mentem
1096 2690 1216 2758 venire

165 2826 230 2873 suo
256 2814 417 2895 tempore
443 2807 607 2895 quaesitos
632 2807 749 2896 pedae,
776 2804 937 2897 syllabas,
964 2804 1215 2874 versiculorum
1315 2787 1319 2794 ¹

165 2915 351 3000 clausulas,
376 2918 515 3006 quoties
543 2928 690 2987 ventum
718 2927 772 2988 est
801 2920 846 2987 ad
878 2941 1033 3009 eaquae
1060 2919 1215 2986 maxime

165 3032 315 3122 quisque
333 3033 559 3115 adamaverit,
575 3057 722 3125 quaeque
739 3036 775 3102 in
794 3034 929 3104 deliciis
945 3033 1085 3103 habeat.
1130 3033 1216 3101 Pro-

165 3144 262 3215 fecto
289 3144 434 3214 ·felicius
465 3147 725 3238 quodammodo
760 3157 797 3216 et
830 3148 1051 3217 numerosius
1085 3147 1216 3216 cadunt

166 3257 376 3349 plerumque
405 3258 458 3328 illi
484 3282 614 3341 versae,
642 3283 792 3351 quorum
823 3262 896 3329 sive
925 3261 1084 3330 ardentia
1110 3261 1217 3330 verba

167 3394 230 3442 sen
259 3372 356 3464 pleni
379 3397 425 3442 ac
452 3376 617 3466 profundi
641 3399 762 3446 sensus
787 3376 915 3445 docent
941 3377 1146 3466 scriptorem
1173 3397 1215 3443 eo

167 3496 264 3556 certe
283 3496 444 3578 tempore
471 3488 566 3582 loqui
592 3514 661 3559 non
684 3514 730 3559 ex
753 3490 903 3560 formula
930 3491 991 3560 sed
1018 3514 1064 3560 ex
1088 3491 1225 3558 intimow

168 3622 327 3690 puroque
343 3611 499 3692 pectore.

218 3714 439 3806 Expendatis
468 3716 574 3784 modo
605 3716 710 3785 velim
739 3717 874 3806 judicio
905 3717 1043 3785 aurium
1073 3738 1214 3784 carmen

168 3827 310 3919 aliquod
337 3828 563 3899 Pindaricum
590 3830 634 3898 de
660 3830 919 3899 celebrioribus.
972 3828 1052 3898 Fiat
1079 3830 1214 3919 pericu-

169 3941 242 4011 lum
260 3942 318 4012 vel
336 3944 373 4011 in
385 3942 451 4017 ,illo
468 3942 563 4042 quod
582 3945 734 4034 primum
753 3943 885 4036 legenti
903 3945 1055 4014 occurrit
1066 3939 1102 4011 b:

309 4077 418 4148 ἄριστον
429 4081 477 4148 μὲν
488 4079 565 4150 ὕδωρ·
585 4083 599 4133 ὁ
613 4081 640 4134 δὲ
652 4079 760 4151 χρύσος,
773 4080 906 4148 αἰθόμενον
917 4083 970 4148 πῦρ

308 4164 363 4228 ὅτε,
376 4166 509 4236 διαπρέπει
522 4163 601 4229 νυκτὶ,
612 4169 754 4236 μεγάνορος
766 4166 845 4236 ἔξοχα
856 4164 980 4227 πλούτου,

534 4321 601 4374 b(ll.
619 4339 641 4375 1.
658 4340 680 4375 1.
695 4322 735 4376 ed.
753 4323 858 4375 Dissen.
