2768 4876
129 325 227 366 rann.
240 326 329 366 xxvi.
389 303 493 367 hedera
505 323 573 367 ιιιτιι
586 301 753 386 aliqnando
759 301 939 385 ραοιατιιίιιι.
1114 300 1178 367 519

131 472 232 542 velut
250 472 419 554 incertae,
436 471 498 542 ubi
519 473 664 543 tandem
682 473 727 543 sit
745 472 1007 542 consistendum
1019 469 1178 542 z-vorbi

130 583 291 680 gratini:

345 686 390 738 νῦν
400 683 496 754 ψᾶφον
506 682 679 754 ε’λιααόμενον

345 769 398 824 ὅπα
408 773 474 839 κῦμα
487 769 663 827 κατακλύσσει
674 770 750 842 ῥέονς

347 855 398 910 ὅπα
409 877 438 910 τε
450 857 534 912 κοινὸν
544 859 626 929 λόγον

344 943 428 1015 φίλαν
439 943 546 1012 τίσομεν
556 943 584 1000 ἐς
594 945 672 1015 χάριν
677 965 723 1007 3-

130 1058 187 1128 vel
197 1058 283 1150 quia
295 1057 415 1128 subito
427 1057 577 1151 gradum
591 1079 756 1127 revocare
768 1057 1073 1150 amat,rapidaque
1085 1057 1180 1128 olau-

130 1173 207 1243 sula
224 1173 352 1266 sapius
369 1172 521 1243 absolvit
537 1196 614 1243 rem
631 1172 802 1265 prolixius
817 1173 910 1243 forte
926 1173 1165 1244 inchoatam⁰z

345 1301 377 1355 τὰ
388 1301 473 1372 μακρᾶ
485 1299 507 1355 δ’
520 1301 648 1372 ἐξενέπειν
658 1299 742 1371 ε’ρύκει
753 1323 785 1370 με
797 1299 890 1369 τεθμὸς

345 1389 408 1458 ὅραι
420 1387 442 1442 τ’
455 1388 625 1460 ἔπειγομέναι·

344 1469 415 1546 ίΰγμι
426 1474 448 1528 δ’
461 1474 568 1545 ἕλκομαι
579 1473 642 1545 ἦτορ
654 1474 774 1544 νουμηνίᾳ
785 1473 896 1545 θιγέμεν·

344 1561 421 1630 ἔμπα,
433 1562 525 1633 καίπερ
536 1563 591 1633 ἔχει
602 1561 695 1627 βαθεῖα
705 1562 810 1617 ποντίας
820 1558 891 1630 ἅλμα

343 1646 454 1716 με’σαον,
466 1646 581 1702 ἀντίτειν’
594 1647 738 1718 ἐπιβουλίᾳ·
758 1647 866 1717 σφόδρα
878 1645 988 1716 δόξομεν

345 1731 422 1790 δαίων
433 1735 568 1807 ὑπέρτεροι
579 1735 607 1790 ε’ν
619 1736 682 1806 φάει
693 1734 863 1799 καταβαίνειν.

182 1857 277 1928 Sunt
302 1858 405 1951 plura
430 1859 624 1950 ejusmodi:
650 1883 730 1950 quae
757 1860 785 1929 si
812 1859 869 1928 oui
895 1864 1022 1928 sonant
1040 1857 1179 1948 jactan-

131 1977 232 2058 tiora,
253 1978 456 2046 meminerit
481 1977 510 2047 is
535 1976 655 2060 velim,
672 1977 908 2070 arrogantiam
926 1976 1101 2068 quandam
1120 1975 1180 2065 ju-

131 2091 285 2161 venilem
320 2093 464 2184 propius
498 2093 622 2163 abesse
651 2094 697 2163 ab
727 2101 856 2173 erecto,
884 2114 991 2183 quem
1020 2090 1179 2172 dicimus,

130 2207 260 2277 animo.
313 2206 451 2277 Verum
474 2209 550 2300 ejus
572 2209 623 2278 rei
642 2211 718 2300 Jam
741 2218 825 2278 ante
853 2206 1037 2278 attulimus
1059 2227 1180 2275 exem-

131 2322 211 2414 pla:
240 2323 370 2415 quippe
395 2324 546 2394 adeum
572 2324 690 2395 looum
716 2325 936 2416 pertinentia,
953 2322 1014 2414 qui
1035 2328 1111 2391 erat
1134 2321 1179 2389 de

131 2461 305 2508 consensu
323 2435 466 2509 Pindari
484 2463 565 2510 oum
583 2440 751 2536 παρρησίᾳ
770 2439 913 2509 militari
934 2446 971 2508 et
996 2436 1177 2507 athletica.

131 2552 231 2622 Illud
247 2555 353 2624 modo
369 2554 427 2625 hio
445 2556 582 2637 addam,
596 2557 690 2648 quod
708 2556 803 2625 ultro
819 2556 857 2624 in
874 2553 994 2623 ooulos
1011 2552 1179 2634 inourn't;

130 2669 267 2738 nullam
293 2669 445 2740 Pindaro
473 2670 680 2764 religionem
706 2672 823 2752 fuisse,
848 2694 894 2740 ne
922 2670 989 2739 ista
1019 2676 1179 2737 uteretur

131 2785 287 2863 lieentia,
313 2809 359 2856 ne
384 2788 421 2856 in
442 2788 597 2856 carmine
615 2786 760 2878 quidem
782 2784 957 2878 praeolaro,
976 2782 1070 2874 quod
1092 2781 1176 2850 olim

130 2909 152 2940 ‘⁶
164 2898 428 2994 Argonautioa’'
444 2901 690 2995 appellabant:
717 2924 788 2992 quo
807 2899 896 2969 nihil
919 2900 1013 2989 apud
1030 2920 1114 2966 eum
1131 2896 1177 2966 ad

129 3017 244 3107 epioae
268 3017 476 3088 narrationis
496 3018 645 3087 formam
672 3018 815 3108 propius
838 3013 985 3085 aooedit.
1038 3011 1175 3083 Verum

128 3133 207 3223 ejus
229 3155 369 3224 quoque
395 3133 493 3202 filum
520 3134 703 3225 inopinato
729 3154 892 3225 rumpere
917 3153 987 3199 non
1015 3128 1177 3210 dubitat3

129 3252 272 3314 tantum
301 3253 457 3327 excusat,
488 3246 626 3341 longius
655 3248 692 3316 id
721 3247 806 3328 fore,
829 3268 935 3339 quam
959 3245 1051 3337 quod
1080 3267 1179 3313 oom-

127 3360 236 3429 mode
254 3359 379 3429 deduci
399 3360 509 3452 possit
526 3383 569 3430 eo
588 3356 773 3454 tempores.

235 3506 320 3577 μακρά
331 3528 375 3576 μοι
388 3505 488 3562 νεῖσθαι
501 3505 554 3560 κατ’
567 3505 699 3575 ἁμόξιτον·
718 3510 772 3576 ὥρα
783 3507 833 3576 γὰρ
846 3505 977 3561 συνάπτει·
996 3507 1039 3560 καί
1049 3529 1106 3561 τινα

235 3589 307 3661 οἶμον
316 3591 392 3664 ἴσαμι
403 3593 514 3665 βραχύν·
532 3597 659 3650 πολλοῖσι
672 3593 694 3647 δ’
706 3592 801 3665 ἁγήμαι
813 3594 911 3664 σοφίας
922 3593 1026 3664 ε’τέροις.

128 3714 226 3784 Eooe
238 3715 424 3807 παρρησίαν
436 3716 628 3785 animosam
643 3724 681 3785 et
694 3716 805 3785 ferme
819 3726 1041 3786 castrensem.
1088 3714 1176 3797 Quis

127 3837 251 3898 antem
278 3829 368 3898 ferat
399 3828 484 3899 talia
513 3838 720 3921 peccantem
750 3830 787 3898 in
817 3830 935 3898 omnia
962 3828 1174 3897 Criticorum

127 3945 256 4027 edicta,
284 3945 319 4012 ni
343 3956 380 4014 et
406 3944 551 4036 Lyrions
576 3945 634 4026 sit,
662 3956 700 4014 et
731 3946 901 4036 ejusmodi
929 3942 1087 4037 LyriouS,
1113 3945 1174 4034 qui

127 4071 292 4150 proterva
308 4061 460 4151 quadam
483 4061 656 4152 hilarique
682 4061 845 4131 libertate
868 4061 1025 4154 gaudens
1047 4060 1173 4130 deferri

125 4199 163 4244 se
182 4175 283 4257 sinat,
301 4199 512 4267 quoeunque
530 4178 619 4246 ferat
637 4178 797 4248 animus?

195 4344 209 4382 ‘¹
225 4346 267 4398 ol.
283 4361 324 4401 10.
343 4364 383 4414 14.
539 4356 550 4384 θ
564 4349 636 4400 Nem.
651 4367 676 4413 4.
690 4364 733 4416 54.
890 4347 988 4416 ‘Pyra
1002 4366 1027 4412 4.
1042 4363 1103 4412 440.
