2768 4876
161 329 281 371 rann.
294 332 392 373 xxxv.
433 312 630 396 Cornpouitur
644 313 672 376 ia
687 335 754 376 aum
768 314 877 379 sostris
891 313 1062 399 uptam.
1174 318 1237 382 703

167 505 300 574 genus
318 485 507 567 sermonis;
531 508 644 576 usque
662 509 704 555 eo
722 487 807 554 dum
825 487 1010 556 incurrerit
1028 489 1064 556 in
1083 486 1236 578 aliquam

171 598 408 668 mentionem
425 601 501 691 ejus
515 600 593 670 oaeli
611 624 652 671 ao
670 609 840 670 terrarum
859 601 1141 693 pulchritudinis,
1156 627 1236 694 quae

181 714 301 784 oeulis
319 717 413 784 cerni
430 725 558 808 potest.
610 717 753 807 Nempe
770 717 856 786 vitia
872 718 1011 786 intento
1029 728 1146 787 narrat
1164 720 1238 788 ani-

180 851 258 911 mo,
273 830 429 900 remedia
446 829 624 923 languido.
665 830 796 914 Quidni
811 831 927 914 faeiat,
938 855 1020 902 oum
1034 856 1110 903 eam
1126 833 1236 904 solam

183 945 328 1012 noverit
357 946 541 1028 rationem,
569 969 646 1037 quaa
675 969 817 1016 omnem
848 946 1097 1038 aegritudinem
1129 947 1236 1017 levari

190 1058 275 1127 velit
307 1062 516 1130 commentis
546 1083 678 1142 eorum,
707 1062 767 1151 qui
800 1059 914 1130 solent
946 1062 1135 1153 disputare,
1165 1086 1236 1132 non

191 1182 263 1243 tam
281 1174 318 1242 in
336 1173 463 1245 scholis
482 1199 587 1266 quam
605 1177 641 1244 in
660 1176 870 1267 quibusdam
888 1177 1058 1247 officinis?

239 1289 318 1359 “At
335 1290 430 1360 enim
448 1301 485 1360 et
504 1315 642 1384 semper
659 1292 757 1362 fuere
774 1293 944 1374 nonnulli,
959 1303 996 1364 et
1010 1304 1129 1363 nostro
1147 1317 1236 1386 prae-

192 1407 310 1474 sertim
341 1414 500 1498 tempore
531 1430 601 1477 uon
634 1431 738 1499 parva
768 1417 821 1477 est
852 1432 974 1477 eorum
1005 1409 1147 1492 familia,
1175 1413 1232 1501 qui

191 1519 275 1591 velis
293 1520 471 1613 equisque,
490 1532 530 1591 ut
548 1525 657 1605 aiunt,
677 1546 754 1593 eam
773 1525 864 1592 tueri
890 1548 961 1594 non
980 1533 1146 1594 verentur
1162 1526 1236 1616 opi-

191 1637 352 1719 nionem;
378 1659 476 1729 spem
501 1661 642 1707 omnem
662 1637 827 1708 videlieet
854 1647 891 1708 et
917 1639 1095 1710 fortunam
1121 1641 1233 1709 homi-

190 1774 272 1821 num
308 1751 344 1820 in
378 1775 421 1821 eo
454 1754 632 1844 praecipue
667 1754 768 1834 verti,
800 1764 841 1822 ut
876 1755 967 1824 bene
1000 1756 1235 1848 respondeant

190 1867 454 1958 anquirentibus
473 1868 517 1937 de
533 1877 634 1937 motu
653 1867 818 1950 sidemm,
833 1868 877 1938 de
895 1871 1065 1940 metiendi
1084 1871 1234 1951 solertia,

190 1980 232 2050 de
249 1979 581 2052 mathematicorum
599 1992 637 2052 et
654 1982 878 2075 physicorum
896 1984 1078 2055 oraculis.''
1127 1985 1233 2056 Esto:

189 2115 311 2162 verum
337 2092 424 2162 illud
451 2095 559 2164 etiam
586 2097 674 2165 seire
695 2095 812 2199 velim,
830 2121 874 2166 an
893 2099 953 2188 qui
980 2099 1047 2168 ista
1069 2107 1143 2168 tam
1169 2099 1236 2166 im-

188 2231 295 2299 pense
318 2207 473 2290 laudaut,
492 2208 599 2279 iidem
624 2209 697 2279 ullo
719 2219 878 2302 tempore
900 2234 937 2280 se
964 2212 1235 2304 significaverint

189 2320 297 2389 taedio
323 2320 462 2390 vivendi
490 2320 657 2403 laborare,
684 2330 721 2391 et
751 2324 881 2391 sentire
908 2323 1114 2414 profundius
1140 2347 1235 2393 oom-

187 2457 329 2504 munem
349 2434 446 2505 illam
465 2438 622 2506 omnium
648 2436 852 2507 mortalium
870 2437 1124 2530 aegritudinem.
1177 2438 1233 2506 Ex

189 2574 258 2642 quo
276 2549 497 2643 intelligitur,
512 2552 667 2622 futuram
682 2575 757 2622 esse
770 2555 911 2644 penitus
929 2552 1035 2623 aliam
1046 2577 1167 2622 eorum
1182 2562 1235 2622 at-

188 2690 257 2758 que
273 2665 431 2736 Lucretii
449 2670 633 2737 rationem.
676 2666 788 2737 Nulla
801 2670 894 2759 apud
909 2692 974 2750 eos,
986 2670 1233 2761 aegrotantium

187 2783 385 2852 animorum
412 2783 603 2852 confessio:
630 2781 728 2852 nulla
752 2783 893 2852 collatio
911 2785 1082 2853 verissimi
1106 2783 1234 2853 doloris

186 2920 268 2968 oum
295 2897 555 2966 medicamento
577 2899 735 2967 omnium
754 2897 964 2966 futilissimo.
1019 2897 1055 2965 N
1058 2920 1102 2966 on
1127 2898 1235 2990 igitur

119 3016 123 3021 “
188 3036 250 3105 per
267 3034 327 3081 eos
345 3013 462 3091 stabit,
480 3015 565 3103 quin
583 3022 682 3099 recte·
696 3013 835 3104 judicet
851 3013 984 3104 aliquis,
1004 3036 1170 3106 magnum
1189 3012 1233 3080 ab

187 3129 264 3220 ipso
286 3127 454 3198 Lucretio
479 3130 628 3220 praeberi
655 3131 908 3209 testimonium,
935 3131 1043 3198 etiam
1069 3129 1241 3197 adversus-

188 3266 224 3314 se
242 3266 413 3335 suamque
430 3244 659 3336 disciplinam.
713 3243 816 3314 Adeo
835 3269 903 3313 non
923 3245 1069 3313 obscure
1092 3245 1233 3324 iudicat,

188 3360 350 3430 hariolari
378 3382 426 3441 se,
448 3361 521 3430 haeo
548 3362 665 3429 omnia
692 3383 781 3429 vana
808 3361 891 3442 fore,
918 3383 1031 3450 neque
1059 3360 1162 3429 aliam
1188 3361 1233 3429 ob

189 3498 329 3547 cansam
360 3476 410 3544 eis
437 3475 741 3564 acquiescendum,
769 3498 874 3566 quam
903 3476 985 3565 quia
1014 3475 1129 3542 desint
1161 3497 1234 3542 me-

190 3591 286 3663 liora.
340 3590 473 3660 Similis
504 3590 711 3682 plerumque
737 3599 791 3660 est
818 3592 979 3671 verentis,
1007 3613 1051 3659 ne
1080 3591 1234 3659 remedia

191 3707 377 3799 subjecisse
395 3706 564 3789 videatur,
583 3708 707 3775 morbo
725 3708 800 3797 ipso
817 3708 929 3798 magis
947 3705 1160 3775 calamitosa.

237 3821 295 3892 Ao
312 3823 431 3892 neseio
448 3844 493 3890 an
511 3822 580 3891 huo
597 3823 688 3890 forte
715 3823 889 3911 pertineat
908 3820 1064 3889 clausula
1081 3821 1233 3887 universi

193 3938 263 4028 ejus
284 3936 474 4014 Poematis,
497 3945 597 4006 ourto
619 3938 714 4028 quasi
743 3936 802 4005 filo
829 3937 1028 4016 desinentis,
1056 3936 1090 4003 in
1118 3935 1233 4002 media

193 4048 333 4121 historia
349 4051 458 4142 pestis
475 4049 568 4120 illius
585 4048 722 4120 Atticae
734 4061 760 4118 ⁰.

328 4184 453 4255 Namque
466 4202 528 4238 suos
542 4186 753 4254 consanguineos
766 4186 850 4238 aliena
861 4201 988 4252 rogorum

591 4344 604 4372 0
621 4335 699 4388 Lucr.
713 4334 738 4388 6.
756 4336 831 4386 1281.
