2768 4876
167 301 232 368 664
376 299 521 367 ΕΜ
535 299 623 386 apud
635 300 813 365 madium
828 299 953 364 lauda.-
1014 320 1216 365 enaraxxxn.

166 472 331 545 tribuerit
352 471 523 553 sensibus,
539 471 726 542 accessisse
749 479 871 541 tamen
892 471 1037 562 propius
1062 472 1218 563 putanda

166 596 222 660 est
246 588 291 659 ad
318 587 436 658 studia
459 595 498 657 et
522 585 679 657 indolem
706 584 908 693 Poetarum,
935 609 1043 677 quam
1065 609 1118 670 ea,
1140 611 1217 679 quae

165 715 280 776 totam
306 704 418 775 ferme
443 725 481 773 se
500 703 625 795 jejuna
641 702 793 794 quadam
815 701 1012 774 subtilitate
1031 703 1218 774 verborum

165 820 351 914 implicuit.
404 820 648 913 Physicorum,
665 826 707 888 ut
729 841 801 888 uno
819 818 926 888 verbo
944 818 1073 900 dicam,
1091 819 1219 889 arctior

165 938 281 1008 multo
305 945 382 1007 crat
406 937 629 1007 necessitudo
651 959 734 1007 cum
759 934 886 1018 Musis,
912 958 1017 1027 quam
1046 933 1219 1005 Dialecti-

165 1076 298 1124 corum.

216 1169 289 1241 Sed
309 1178 528 1239 revertamur
545 1167 590 1237 ad
609 1166 827 1249 Lucretium,
846 1176 953 1259 atque
970 1167 1006 1237 in
1025 1169 1102 1260 ejus
1120 1169 1221 1238 indo-

165 1285 208 1355 lis
233 1286 412 1377 specimen
433 1307 547 1377 pauca
564 1285 642 1376 jam
665 1284 882 1354 adducamus
906 1283 985 1367 alia,
1004 1285 1136 1376 quibus
1159 1285 1220 1356 ille

164 1401 286 1472 laudes
307 1401 457 1473 canebat
479 1399 609 1470 infiniti
632 1407 740 1491 atque
762 1400 870 1471 lucidi
888 1397 1072 1485 AEtheris3
1098 1411 1142 1471 ut
1159 1403 1219 1494 qui

163 1517 311 1588 mirifice
334 1517 571 1587 delectaretur
595 1516 723 1608 partim
749 1539 838 1608 puro
862 1516 937 1607 ejus
958 1518 1124 1600 candore,
1142 1540 1221 1609 par·

164 1632 231 1702 tim
260 1633 433 1702 immenso
461 1631 537 1702 sine
565 1654 665 1702 mora
694 1639 732 1700 et
761 1629 875 1699 limite
906 1631 1032 1722 spatio.
1091 1631 1221 1724 Itaque

164 1748 285 1817 audite
310 1747 347 1816 in
370 1748 496 1840 quinto
526 1747 615 1817 libro
641 1746 792 1840 origines
818 1746 905 1837 ejus,
935 1747 1034 1838 quasi
1063 1746 1220 1817 carmine

163 1864 351 1947 matutino,
369 1872 571 1934 narrantem
581 1857 608 1932 l.

552 1981 603 2036 Per
615 1999 674 2036 rara
684 1981 816 2037 foramina
828 1989 906 2036 terroe

304 2068 428 2123 Partibus
440 2083 583 2136 erumpens
595 2066 698 2136 primus
712 2083 740 2120 se
755 2066 864 2120 sustulit
876 2064 975 2119 AEther

305 2154 432 2226 Signifer,
443 2160 471 2208 et
482 2154 582 2207 multos
595 2169 686 2207 secum
698 2152 764 2206 levis
776 2151 887 2206 abstulit
897 2151 990 2222 ignes:

305 2240 333 2295 N
334 2258 371 2295 on
382 2240 434 2294 alia
443 2240 525 2308 longe
535 2239 646 2302 ratione,
659 2256 690 2292 ac
702 2255 772 2308 saepe
784 2238 915 2301 videmus,

304 2325 394 2381 Aurea
406 2343 468 2378 cum
479 2323 596 2395 primum
609 2335 775 2394 gemmantes
787 2342 846 2379 rore
857 2342 905 2394 per
916 2323 1013 2378 herbas

305 2412 441 2467 Matutine
451 2410 550 2464 rubent
560 2410 655 2465 radiati
666 2411 769 2465 lumina
782 2411 860 2475 Solis,

305 2497 491 2568 Exhalantque
502 2498 576 2551 lacus
588 2496 723 2560 nebulam,
735 2497 862 2569 fluviique
873 2512 1020 2566 perennes;

305 2586 368 2655 Ipsa
380 2602 486 2656 quoque
498 2584 634 2638 interdum
645 2583 736 2638 Tellus
749 2583 851 2638 fumare
862 2583 984 2638 videam

306 2672 405 2727 Omnia
416 2690 478 2743 quae
490 2689 599 2726 sursum
611 2689 674 2726 cum
687 2672 861 2726 conciliantur
873 2672 901 2724 in
913 2671 977 2735 alto,

306 2759 424 2829 Corpore
436 2765 559 2812 concreto
571 2756 717 2812 subtexrmt
729 2758 823 2811 nubila
834 2759 937 2811 caelnm.

307 2845 351 2899 Sic
362 2846 444 2914 igitur
455 2853 514 2898 tum
526 2862 554 2898 se
566 2845 631 2899 levis
643 2861 674 2898 ac
686 2843 809 2898 diffusilis
822 2842 919 2897 AEther

306 2932 424 3003 Corpore
435 2939 559 2986 concreto
571 2931 752 2986 circumdatus
764 2930 883 3002 undique
896 2930 986 2999 sepsit,

305 3020 341 3073 Et
352 3020 404 3072 late
417 3018 532 3072 diffusus
544 3018 573 3072 in
585 3036 677 3072 omnes
690 3016 809 3088 undique
822 3024 920 3086 partes,

306 3105 405 3160 Omnia
417 3106 456 3160 sic
467 3104 545 3160 avido
557 3106 698 3174 complexu
710 3112 804 3157 caetera
817 3102 906 3172 sepsit.

166 3211 254 3282 Haec
278 3213 391 3304 ipsam
409 3211 668 3303 quodammodo
689 3209 848 3280 redolere
867 3208 998 3278 dixeris
1015 3207 1215 3280 Auroram:

165 3328 292 3397 deinde
313 3334 393 3419 post
418 3324 537 3418 paullo
555 3324 684 3394 summi
702 3324 777 3415 ejus
795 3322 901 3394 Orbis
918 3325 1217 3416 tranquillitatem

163 3442 370 3513 mollissimo
387 3442 448 3512 illo
467 3442 623 3512 carmine
640 3440 820 3532 praedicat.

305 3571 373 3626 Inde
383 3590 464 3635 mere,
477 3570 539 3624 inde
551 3588 604 3634 aer,
616 3568 679 3622 inde
691 3567 788 3622 AEther
799 3568 896 3638 ignifer
908 3568 974 3637 ipse,

306 3659 470 3731 Corporibus
482 3657 591 3729 liquidis
604 3665 667 3710 sunt
680 3655 769 3709 omnia
781 3673 849 3725 pura
860 3655 950 3708 relicte
957 3675 966 3717 ς

305 3745 340 3798 Et
352 3745 450 3799 leviora
461 3743 518 3796 aliis
531 3742 589 3805 ulia,
603 3750 628 3795 et
639 3740 833 3813 liquidissimus
845 3739 951 3802 AEther‚
987 3758 991 3771 ·

303 3831 393 3903 Atque
404 3831 554 3885 levissimus
567 3830 649 3883 aerias
662 3829 841 3898 superinduit
853 3845 948 3890 auran

304 3916 331 3970 N
333 3935 361 3970 ec
373 3915 505 3988 liquidum
518 3932 614 3984 corpus
627 3914 798 3968 turbantibus
811 3914 878 3967 airis
890 3913 962 3967 auris

305 4002 467 4057 commiscet
474 4022 483 4065 ;
503 4002 565 4056 sinit
577 4001 635 4055 haec
647 4001 769 4056 violentis
783 4000 872 4053 omnia
883 3998 950 4053 verti

304 4088 484 4152 Turbinibus;
504 4088 567 4141 sinit
579 4087 685 4141 incertis
697 4086 805 4140 turbare
816 4085 953 4155 procellis:

306 4174 367 4243 lpse
379 4192 442 4229 suos
454 4175 530 4244 ignes
542 4182 613 4228 certo
624 4173 675 4226 fert
686 4173 783 4242 impete
795 4172 895 4225 labens.

605 4313 712 4365 “Luca
725 4323 750 4380 5.
764 4310 825 4380 458.
