2768 4876
167 340 231 402 532
293 338 432 405 rutena
446 339 533 426 apud
540 340 719 406 Pindarum
726 342 849 428 primm
863 350 977 407 aare:
1016 362 1203 406 rannxxvr.

219 508 307 580 Haec
319 513 371 582 ita
383 514 510 584 videtis
523 516 707 598 enuntiari,
719 523 888 607 tanquam
901 515 1054 585 Pindaro
1065 537 1203 608 persua·

168 647 245 694 sum
263 628 309 697 sit
326 629 537 699 domesticos
555 639 592 700 et
609 631 798 702 familiares
815 632 983 723 cujusque
1000 631 1117 700 fontes
1134 630 1205 699 fore

167 743 303 833 cuique,
322 753 363 814 ut
385 747 436 815 ita
454 746 579 829 dicam,
597 747 713 816 fontes
728 747 901 831 Poeseos;
928 766 1005 838 quae
1021 747 1205 826 sententia,

167 867 209 926 ut
234 858 320 927 mihi
341 860 485 951 quidem
509 860 659 942 videtur,
676 862 806 932 multas
831 864 870 931 in
895 885 933 932 se
957 871 1075 954 partes
1101 871 1207 952 atque

167 996 331 1043 numeros
357 976 515 1046 veritatis
541 977 659 1047 habet.
712 977 818 1060 Quid,
841 978 946 1059 enim,
968 1000 1097 1069 quaeso,
1119 976 1208 1045 veri·

167 1090 325 1172 similius,
351 1114 457 1181 quam
488 1093 666 1162 informari
696 1095 910 1184 nescioquo
939 1100 1044 1185 pacto
1073 1093 1209 1162 animos

166 1227 354 1295 pueromm
382 1208 437 1276 vel
464 1208 549 1278 locis
578 1209 670 1300 ipsis,
696 1210 888 1293 montibus,
913 1209 1038 1291 fluviis,
1063 1208 1209 1278 litorum

166 1320 382 1412 valliumque
399 1324 623 1404 anfractibus,
637 1326 697 1416 qui
715 1325 815 1416 primi
831 1348 971 1416 cunque
988 1324 1209 1395 nascentium

166 1433 277 1504 oculis
294 1439 529 1522 occurrerint;
557 1448 598 1507 ut
615 1439 659 1507 ad
677 1438 738 1508 illa
756 1447 922 1531 tanquam
947 1439 1064 1529 capita
1087 1437 1209 1506 referri

165 1551 274 1642 possit
297 1553 571 1623 instmmentum
590 1556 759 1646 cujusque
785 1553 989 1646 poeticum?
1026 1552 1209 1635 Pindarus,

165 1666 282 1749 eredo,
311 1678 431 1737 noster
459 1669 532 1739 tale
561 1670 694 1760 aliquid
726 1669 782 1739 vel
817 1669 987 1762 cogitavit
1020 1668 1077 1738 rel
1112 1679 1210 1738 certe

165 1782 282 1863 sensit,
302 1806 383 1851 cum
410 1807 447 1853 se
470 1784 621 1875 relinqui
648 1795 788 1876 putaret
813 1807 835 1853 a
859 1784 939 1854 luce
956 1782 1154 1864 Musarum,
1172 1781 1209 1850 ni

165 1899 260 1965 omni
279 1906 438 1990 tempore
458 1899 584 1969 Dircaei
603 1901 711 1969 fontis
728 1901 938 1970 meminerit.

214 2013 297 2082 Jam
323 2014 359 2081 in
382 2015 588 2084 caerimoniis
609 2016 717 2085 etiam
741 2023 778 2085 et
799 2017 835 2083 in
856 2014 1093 2107 religionibus,
1111 2035 1210 2083 occa·

164 2129 261 2198 sione
279 2130 408 2212 oblata,
427 2131 574 2222 patriam
598 2130 830 2201 libentissime
848 2131 1059 2200 recordatur.
1112 2128 1211 2199 Deli·

163 2245 217 2336 git
242 2246 365 2336 utique
391 2247 435 2315 de
460 2247 556 2314 omni
581 2246 740 2315 Deorum
766 2270 913 2316 numero
937 2245 1110 2339 Magnam
1130 2243 1211 2314 Ma·

163 2369 266 2441 trem,
294 2361 350 2430 cui
385 2384 455 2452 prae
489 2363 627 2431 caeteris
661 2361 857 2431 Hieronem
892 2369 1060 2454 aegrotum
1096 2357 1211 2429 multa

164 2498 267 2567 prece
301 2478 549 2545 commendet:
590 2499 661 2545 non
692 2476 797 2545 aliam
829 2476 952 2567 opinor
981 2475 1027 2544 ob
1057 2495 1210 2554 causam,

164 2614 269 2682 quam
296 2592 390 2682 quod
418 2615 497 2661 suas
523 2603 607 2661 ante
632 2593 724 2660 iores
755 2593 913 2661 votivum
940 2591 1015 2682 ejus
1042 2588 1211 2659 Numinis

165 2706 333 2777 sacellum
351 2708 497 2777 extabat
509 2703 535 2775 b.

305 2850 365 2904 ἀλλ’
378 2849 535 2919 ἐπεύξασθαι
546 2853 594 2921 μὲν
606 2853 672 2924 ἐγὼν
683 2852 766 2906 ε’θέλω

304 2939 399 3009 Marpl,
417 2940 464 2993 τὰν
484 2943 572 3008 κοῦραι
595 2939 655 3009 παρ’
676 2940 737 3007 ἐμὸν
757 2938 888 3009 πρόθυρον
908 2938 958 2993 σὺν
978 2937 1046 2992 Πανὶ
1069 2936 1212 3004 μέλπονται

339 3025 408 3094 θαμὰ

305 3114 401 3183 σεμνὰν
413 3113 473 3169 θεὸν
484 3113 604 3183 ἐννυχίαι.

164 3245 403 3328 Quaerendum
429 3245 547 3325 etiam,
570 3265 614 3312 au
636 3242 775 3336 Pythici
794 3239 971 3333 Apollinis
997 3260 1095 3310 saera
1120 3239 1212 3310 cele-

163 3361 263 3428 brare
282 3359 443 3428 videatur
469 3359 580 3449 magis
606 3357 788 3448 aliquanto
806 3355 977 3426 exanimi
998 3354 1052 3424 sui
1069 3362 1212 3424 senteu-

164 3478 222 3558 tia,
253 3499 359 3568 quam
387 3482 604 3555 caeterorum,
635 3495 785 3564 quorum
814 3472 853 3554 in
881 3469 1014 3541 honore
1043 3470 1212 3562 Praeelara

163 3594 355 3665 certamina
383 3591 559 3684 vigebant.
613 3588 808 3659 Neminem
835 3588 983 3680 excipio,
1009 3610 1055 3657 ne
1080 3587 1210 3658 Jorem

162 3709 304 3801 quidem
327 3707 564 3800 Olympicum.
617 3703 794 3797 Exemplo
820 3705 890 3774 sint
915 3702 1110 3796 gravissimi
1136 3724 1212 3772 ver·

162 3850 229 3908 sus,
246 3824 375 3917 quibus
396 3822 546 3892 AEacidis
569 3830 676 3910 atque
700 3820 837 3913 AEginae
861 3818 1069 3912 gratulatur,
1088 3817 1211 3910 Neop-

163 3941 335 4010 tolemum
353 3938 532 4031 sepultum
551 3958 627 4006 esse
646 3935 796 4028 Delphis
813 3937 889 4027 ipso
906 3936 943 4004 in
960 3935 1097 4026 adyt00.

287 4083 356 4136 ἀλλὰ
369 4083 452 4135 κοινὸν
463 4082 515 4152 γὰρ
527 4079 630 4150 ἔρχεται

287 4168 342 4237 κῦμ’
354 4164 436 4230 Ἀΐδα,
446 4167 511 4222 πέσε
525 4167 546 4220 δ’
556 4167 681 4234 ἀδόκητον
692 4166 720 4220 ἐν
732 4166 774 4219 καὶ
785 4165 914 4220 δοκέοντα·
930 4164 991 4233 τιμὰ
1002 4163 1031 4218 δι’
1042 4163 1159 4235 γίγνεται

270 4360 412 4430 '’Pati-a·
429 4373 487 4431 137·
907 4357 1104 4424 οΝενη·7·43·
