2768 4876
167 318 230 380 454
300 321 302 324 ⁴
406 316 515 380 Pietas
529 318 666 402 oirpioeu
680 318 767 403 αριιό
780 318 947 403 Supplices.
1015 340 1220 386 eunomus

165 511 253 569 rum,
272 513 348 580 quae
366 499 403 560 et
420 493 547 560 merito
569 499 606 560 et
631 491 782 561 libenter
802 494 957 584 recipere
974 515 1012 563 se
1029 491 1145 562 solent
1166 493 1211 562 ad

166 604 333 696 Virgines
367 606 588 696 potissimum
616 606 722 677 Dees.
774 608 816 675 Id
847 610 940 698 quod
976 608 1119 677 solenne
1149 607 1212 676 ha·

165 720 251 789 bent
274 720 427 813 ipserum
453 743 583 812 preces.
639 721 746 791 Nune
775 722 948 813 supplices
978 722 1110 792 adeunt
1138 722 1211 790 Mi-

165 847 406 905 nervam02-

375 964 490 1019 θέλουσα
502 964 524 1019 δ
537 966 569 1020 αὖ
580 966 711 1022 θέλουσαν
722 967 787 1038 ἁγνὰ

374 1051 399 1120 μ’
412 1052 518 1106 ἐπιδέτω
531 1055 592 1109 Διὸς
603 1056 675 1123 κόρα,

375 1139 474 1207 ἔχουσα
487 1137 558 1207 σέμν’
572 1138 655 1193 ἐνώπι’
668 1140 797 1210 ἀσφαλές·

378 1263 471 1278 ......
480 1223 593 1293 ἀδμήτας
604 1224 704 1294 ἀδμήτα

374 1306 465 1378 ῥύσιος
476 1309 600 1380 γενέσθω·

166 1451 259 1498 nune
277 1429 320 1498 ad
339 1428 463 1499 Dianae
480 1430 631 1501 tutelam
650 1431 859 1523 confugiunt
870 1428 907 1500 d:

375 1560 458 1614 ἐπίδοι
470 1559 492 1614 δ’
499 1558 622 1630 ’Ἄρτεμις
634 1559 700 1629 ἁγνὰ
712 1562 810 1614 στόλον

375 1647 540 1717 οἱκτιζομένα·
558 1646 616 1715 μήδ’
628 1646 670 1700 ὑπ’
682 1647 792 1717 ἀνάγκας

375 1734 458 1803 γάμος
468 1733 544 1788 ἔλθοι
557 1733 701 1804 Κνθέρειος.

211 1853 391 1945 Praeoipue
408 1863 527 1924 autern
542 1863 754 1924 venerentur
771 1860 907 1944 patrem
923 1853 1103 1938 Danaum3
1125 1878 1212 1948 pen-

166 1971 252 2038 dent
269 1970 314 2039 ab
332 1992 391 2039 ore
408 1968 523 2051 illius;
548 1969 650 2039 illum
668 1969 724 2039 vel
745 1991 854 2060 prope
877 1969 997 2038 abesse
1018 1994 1089 2039 non
1107 1971 1212 2041 facile

167 2086 284 2154 ferunt
296 2096 319 2154 θ.

377 2179 474 2250 θέλοιμ’
487 2179 518 2235 δν
529 2181 576 2250 ἤδη
590 2179 639 2234 σοὺ
651 2178 733 2234 πελας
746 2178 853 2249 θρόνους
864 2179 942 2249 ἔχειν.

375 2264 470 2336 Ῑμόνην
482 2266 510 2319 δέ
521 2267 556 2336 μὴ
569 2268 704 2335 πρόλειπε,
716 2264 854 2334 λίσσομαι,
867 2262 959 2335 πατήρ.
1023 2266 1025 2270 ”

167 2378 226 2446 Ne
244 2378 483 2469 periclitantes
501 2380 644 2471 quidem
665 2376 776 2446 ullam
803 2399 840 2446 se
862 2378 899 2445 in
919 2378 1064 2446 domum
1082 2379 1211 2449 deduci

142 2501 146 2507 '
165 2494 296 2584 absque
313 2494 421 2585 patris
439 2493 584 2564 consilio
602 2493 786 2589 patiuntur
797 2502 823 2558 t.

374 2637 482 2706 πέμψον
494 2637 522 2690 δὲ
533 2639 661 2707 πρόφρων
672 2635 742 2707 δεῦρ’·
752 2635 875 2705 ἡμέτερον

374 2722 463 2793 πατέρ’
476 2722 590 2793 εὐθαρσῆ
604 2723 712 2785 Δάναον,
724 2724 843 2791 πρόνοον,

376 2809 418 2861 καὶ
428 2806 588 2876 βούλαρχον·
608 2811 653 2860 τοῦ
665 2808 716 2878 γὰρ
727 2806 840 2878 προτέρα

375 2894 457 2964 μήτις,
470 2893 535 2947 ὅπου
546 2893 597 2964 χρὴ
610 2894 713 2962 δώματα
725 2893 811 2975 νοέειν,

376 2981 417 3034 καὶ
428 2983 507 3036 τόπος
518 2980 630 3049 εὔφρων.

216 3104 322 3187 Quid,
336 3104 429 3195 quod
448 3101 618 3194 religione
635 3107 743 3169 taotae
760 3098 989 3168 reformident
1006 3106 1069 3167 aut
1086 3101 1211 3168 merni-

167 3221 259 3289 nisse
288 3226 350 3288 aut
377 3217 494 3308 eloqui
522 3223 781 3306 certeeaquae
806 3213 1055 3304 aparentibus
1081 3214 1213 3283 tradite

167 3336 211 3406 de
228 3334 350 3404 matris
369 3355 467 3425 vegae
486 3330 635 3400 fortunis
652 3325 913 3421 acceperantht

377 3467 613 3539 κλῃδοῦχονἭρας
624 3468 693 3538 φασὶ
705 3467 827 3534 δωμάτων
837 3488 901 3519 ποτε

370 3553 418 3608 ’Ίω
429 3553 550 3625 γενέσθαι
562 3551 617 3621 τῇδ’
630 3553 657 3605 ἐν
667 3550 773 3622 Ἀργείᾳ
784 3550 868 3622 χθονὶ,

378 3639 416 3708 ἣν,
430 3641 464 3696 ὡς
475 3640 590 3709 μάλιστα
602 3639 643 3692 καὶ
655 3637 732 3709 φάτις
743 3637 830 3704 πολλὴ
843 3639 965 3708 κρατεῖ-

167 3763 306 3832 sentitis
323 3760 453 3829 haerere
471 3782 605 3841 vooem,
623 3760 681 3850 pio
700 3759 843 3849 pudore.

221 3877 388 3946 Diximus
422 3876 466 3944 de
502 3873 712 3943 verecundie
749 3873 936 3942 foeminea:
980 3872 1139 3963 sequitur
1171 3879 1213 3941 ut

168 4015 280 4084 pauca
296 3989 455 4082 quaedam
477 3988 673 4069 afferamus,
691 3989 735 4056 ed
762 4010 917 4057 amorem
943 3995 980 4056 et
1006 3986 1213 4079 religionem

204 4235 374 4302 οδιιρ.ι5ο.
481 4230 580 4284 libid.
597 4231 672 4299 1038.
775 4226 1212 4298 ‘lbid.316.,¹1ttd.756.

169 4320 264 4374 sletd.
279 4332 339 4389 975.
412 4316 508 4368 libid.
522 4333 582 4385 299.
