2768 4876
167 298 236 368 576
271 299 425 386 Sophocleo
439 321 495 364 111
508 300 581 395 odeo
589 300 742 386 plerisque
755 299 978 388 reprobaverit.
1002 325 1220 370 1111111111.

219 472 362 543 Η11111
380 473 509 554 nativa,
527 481 564 542 et
583 475 678 542 omni
703 472 809 544 melle
827 473 994 558 dulciora,
1013 477 1093 566 quis
1114 499 1219 569 nega-

167 589 246 659 bit?
272 598 310 659 at
329 611 452 658 vereor
474 589 644 680 profecto,
669 612 715 658 ne
742 590 880 680 parcius
905 591 1059 685 inspergi
1079 593 1218 662 videan-

166 715 227 774 tur
253 703 461 795 Sophocleis
493 705 717 787 carminibus,
747 728 854 796 quam
885 715 925 776 ut
955 729 1001 777 ex
1035 709 1080 778 iis
1109 711 1218 800 speci-

167 843 251 890 men
268 819 422 889 Poeseos
443 821 518 911 ejus
541 819 712 890 universae
729 829 827 890 recte
844 823 1013 912 capiatur.
1067 823 1139 907 Qui
1167 832 1218 895 ta·

166 958 249 1005 men
276 936 342 1004 uisi
368 935 608 1004 consenuisset
637 934 673 1002 iu
704 933 837 1004 urbana
863 945 900 1005 et
925 936 1109 1006 umbratili
1137 939 1216 1019 vita,

167 1051 280 1142 qualis
301 1073 377 1120 esse
394 1049 517 1119 debuit
534 1048 691 1118 Athenis
717 1048 993 1140 splendidiorum
1020 1050 1216 1135 hominum,

167 1166 282 1236 multo
299 1166 509 1244 uberiorem,
523 1165 640 1244 credo,
656 1165 758 1233 nobis
776 1165 950 1255 praeberet
967 1188 1014 1235 ex
1032 1166 1099 1236 hac
1116 1177 1215 1258 parte

165 1279 411 1372 exemplorum
438 1280 647 1349 materiem:
678 1280 834 1349 maxime
855 1281 948 1371 qnia,
974 1282 1003 1349 si
1026 1281 1114 1352 fides
1139 1305 1216 1353 nar-

166 1397 335 1477 rantibus,
363 1404 439 1465 erat
469 1394 564 1464 idem
595 1417 714 1465 amore
741 1403 815 1464 tarn
842 1417 1015 1486 propenso
1040 1397 1078 1466 in
1103 1399 1216 1468 avitos

167 1511 276 1580 11111
293 1519 400 1602 atque
418 1512 455 1578 in
474 1508 592 1579 natale
610 1510 736 1592 solum,
753 1510 843 1580 adeo
860 1518 945 1591 erat,
963 1519 1005 1580 ut
1022 1513 1088 1603 ipsi
1105 1515 1216 1594 aiunt,

167 1625 482 1721 φιλαθηναιότατος,
513 1636 555 1695 11
589 1625 722 1696 nemini
753 1628 959 1709 accersenti,
987 1650 1033 1697 ne
1059 1632 1216 1701 maximo

164 1741 310 1833 quidem
331 1742 415 1832 regi,
437 1763 560 1832 parere
582 1739 743 1821 voluerit,
760 1751 802 1810 ut
822 1742 937 1832 patria
959 1740 1096 1812 scilieet
1122 1767 1217 1815 care-

166 1867 231 1928 ret.
283 1858 401 1940 Quare
422 1858 530 1948 siquis
548 1879 642 1938 eum,
660 1857 759 1928 velut
779 1859 905 1949 patriae
922 1859 1070 1929 caritate
1094 1860 1217 1955 abrep-

165 1985 254 2054 tum,
269 1971 458 2042 collocabit
483 1972 520 2039 in
544 1971 788 2061 primariorum
806 1971 967 2054 concilio,
985 1996 1049 2065 per
1065 1983 1124 2044 me
1141 1978 1218 2069 qui·

164 2089 247 2157 dem
278 2087 314 2156 id
350 2086 496 2168 licebit3
530 2086 659 2155 vellem
688 2087 795 2155 modo
823 2089 1091 2180 suppeditarent
1121 2093 1216 2183 apud

164 2225 249 2273 eum
265 2202 438 2294 ejusmodi
455 2201 585 2271 indicia
599 2200 655 2270 vel
672 2201 774 2293 plura
790 2201 847 2273 vel
865 2205 1025 2286 certiora,
1043 2203 1101 2274 vel
1118 2213 1216 2278 certe

164 2343 247 2412 quae
265 2342 311 2388 ex
336 2318 456 2388 animo
482 2318 594 2410 magis
619 2327 857 2409 erumperent,
875 2319 1073 2412 emissaque
1099 2324 1217 2414 potius

167 2437 379 2516 viderentur,
396 2456 505 2526 quam
525 2433 620 2503 faeta
638 2444 675 2502 et
692 2431 813 2525 polita.

215 2551 366 2632 Deinde,
389 2550 475 2640 quid
500 2548 529 2617 si
556 2548 714 2630 doceam,
739 2559 879 2618 causam
906 2549 982 2639 ejus
1009 2550 1120 2640 pejori
1148 2551 1217 2621 for-

165 2672 259 2734 tasse
283 2662 360 2732 loco
381 2663 548 2743 futuram,
567 2662 624 2731 vel
641 2663 795 2753 ipsarum
820 2661 965 2732 laudum
987 2665 1111 2756 gratia,
1129 2687 1216 2755 quas

164 2779 325 2847 omnium
348 2800 521 2847 consensu
543 2778 609 2847 sibi
636 2787 760 2847 nactus
782 2778 860 2848 esti
912 2778 987 2850 Vix
1009 2802 1069 2850 eas
1087 2783 1216 2851 versari

164 2895 281 2964 dicam
303 2893 341 2961 in
358 2891 431 2961 ullo
448 2914 591 2984 genere,
610 2895 703 2984 quod
727 2894 871 2962 omnino
895 2903 1085 2986 cognatum
1109 2897 1156 2965 sit
1178 2907 1216 2967 et

162 3031 355 3078 commune
389 3029 472 3077 cum
503 3031 586 3078 vera
614 3007 769 3080 Poetioa.
822 3009 920 3079 Nam
955 3010 1057 3079 video
1092 3011 1216 3102 majori

164 3125 258 3216 parti
284 3123 479 3216 legentium
506 3124 637 3215 duplici
663 3124 776 3194 ferme
800 3126 846 3194 de
873 3148 978 3195 causa
1002 3126 1152 3216 probare
1178 3149 1216 3195 se

167 3239 402 3332 Sophoclem:
429 3238 487 3309 vel
505 3242 671 3331 quoniam
690 3241 805 3309 verbis
827 3241 873 3310 sit
898 3240 1042 3311 limatus
1066 3242 1158 3311 adeo
1174 3265 1216 3312 11

163 3356 315 3437 subtilis,
339 3364 376 3424 et
401 3356 438 3423 in
464 3356 605 3424 erudita
629 3354 691 3425 illa
709 3355 914 3426 Graecorum
940 3357 1084 3425 natione
1110 3357 1215 3428 facile

164 3471 278 3539 ferme
314 3470 596 3552 eruditissimus3
634 3469 691 3540 vel
727 3472 893 3560 quoniam
932 3469 1072 3552 fabulae,
1109 3495 1213 3563 quam

166 3594 305 3668 vocant,
331 3586 530 3654 universam
558 3586 686 3655 seriem
717 3597 790 3656 tam
820 3593 936 3666 acute,
963 3594 1037 3654 tam
1068 3583 1214 3677 provide

163 3701 351 3793 gubernet.
407 3698 530 3791 Atque
556 3700 680 3769 harum
708 3723 890 3770 causarum
919 3721 1026 3769 unam
1053 3700 1215 3794 intelligo

164 3817 345 3913 veteribus
382 3818 575 3908 praesertim
610 3814 744 3886 Atticis
779 3817 941 3909 viguisse,
976 3815 1125 3886 alteram
1161 3816 1215 3889 his

162 3933 395 4024 temporibus,
426 3940 463 4000 et
497 3953 618 3999 eorum
654 3933 832 4022 praecipue
858 3930 1007 4022 judicic,
1035 3931 1097 4022 qui
1133 3954 1215 4001 cum

166 4047 363 4120 Aristotele
384 4048 556 4128 sentiunt,
581 4058 623 4115 ut
649 4047 790 4116 virtutis
815 4045 867 4115 ita
890 4043 1044 4115 Poeticae
1072 4045 1214 4116 laudern

164 4185 310 4232 omnem
337 4164 374 4232 in
398 4162 537 4231 actione
563 4163 765 4231 consistere.
828 4159 885 4230 De
912 4168 1063 4252 utraque
1093 4170 1215 4231 autem

166 4278 320 4348 dubitari
342 4285 471 4370 potest,
492 4300 537 4346 an
558 4275 656 4346 nulla
678 4276 938 4346 necessitudine
964 4286 1078 4346 artem
1102 4277 1215 4371 ipsam
