2768 4876
164 333 228 402 786
285 335 463 399 Lucretium
476 355 534 418 epe,
552 332 719 417 Virqibimn
731 332 876 396 memoria
881 331 967 415 frui.
991 354 1086 396 remu.
1099 353 1211 395 xxxrx.

164 508 354 600 gumentis.
407 505 464 576 Ac
490 507 643 598 primum
665 506 794 590 videte,
813 507 970 591 obsecro,
987 527 1094 597 quam
1119 504 1212 572 bene

165 623 376 689 conveniant
410 643 462 702 ea,
498 644 576 711 quae
610 621 780 702 dicebam,
816 619 1000 690 Platonica
1034 641 1117 688 cum
1152 616 1212 686 illa

165 735 307 827 capitali
338 735 547 828 Virgilianae
582 736 734 806 Poeseos
772 747 867 818 nota,
897 738 990 827 quod
1025 737 1056 806 is
1092 735 1211 803 omnia

165 851 284 920 referri
315 853 451 920 curavit
478 852 520 920 ad
551 853 807 943 praeteritorum
841 853 958 942 potius
991 851 1209 927 memoriam,

164 989 269 1057 quam
295 968 538 1037 advenientis
563 967 631 1034 aevi
658 988 767 1057 spem.
821 965 896 1038 Usu
925 966 1091 1037 videlicet
1116 987 1212 1034 com-

165 1084 328 1172 perimus,
347 1084 507 1173 quicum
526 1079 692 1150 Lucretio
718 1083 885 1164 sentiunt,
909 1082 988 1152 illos
1011 1104 1073 1174 spe
1096 1081 1212 1150 addis·

164 1200 266 1268 cendi
293 1198 424 1289 aliquid
451 1200 488 1266 in
514 1196 681 1266 ulteriora
706 1219 845 1290 semper
867 1199 959 1282 ferri,
985 1208 1092 1289 atque
1122 1196 1211 1266 adeo

165 1315 363 1405 prospicere
383 1314 643 1405 quodammodo
671 1321 840 1403 tanquam
867 1315 903 1383 in
925 1314 1071 1407 pelagus
1095 1313 1212 1382 infini-

165 1441 243 1498 tum
265 1439 302 1499 et
323 1431 554 1499 immensum:
585 1426 727 1521 Virgilii
753 1451 836 1498 vero
861 1437 1035 1499 amatores
1060 1429 1213 1498 libenter

165 1543 337 1632 respicere
363 1544 589 1612 tenerrimam
615 1549 766 1624 aetatem,
785 1541 937 1633 pueriles
962 1541 1069 1624 lusus,
1086 1549 1213 1610 caetera

166 1680 246 1748 quae
271 1657 317 1725 ad
342 1666 543 1726 anteactam
563 1658 671 1726 vitam
697 1658 886 1748 pertinent.
916 1656 1016 1752 *Hos
1042 1657 1213 1726 memoria

166 1775 313 1854 detinet,
331 1772 409 1842 illos
427 1774 640 1863 expectatio.
681 1771 792 1843 Verbi
810 1795 915 1843 causa
933 1773 988 1859 (ut
1002 1772 1212 1842 Lucretium

165 1886 310 1955 tandem
336 1887 571 1977 omittamus),
595 1887 702 1968 canit,
727 1898 769 1956 ut
792 1910 908 1970 nemo,
925 1886 1096 1981 Virgilius
1115 1886 1213 1956 verni

166 2002 336 2092 temporis
352 2001 475 2071 laudes
492 2025 533 2072 ae
551 2002 732 2083 deliciasss,

413 2148 470 2202 Ubi
480 2149 586 2218 pulsam
597 2147 712 2202 hiemem
726 2147 772 2201 Sol
784 2162 879 2203 aureus
891 2150 945 2219 egit

308 2231 365 2286 Sub
377 2241 469 2296 terras,
483 2235 631 2304 caelumque
642 2233 735 2287 aestiva
746 2234 806 2287 lure
817 2234 939 2289 reclusit:

166 2364 228 2432 sed
258 2363 326 2432 ista
356 2363 543 2433 dulcedine
572 2374 651 2433 tum
682 2365 826 2434 demum
853 2366 1046 2457 impensius
1073 2365 1211 2448 fruitur,

166 2501 248 2548 cum
266 2479 401 2548 mentio
415 2480 573 2570 quaedam
590 2480 748 2570 pristinae
765 2481 878 2549 aetatis
895 2479 1019 2550 incidit
1030 2475 1060 2550 ¹¹.

307 2620 334 2673 N
335 2637 370 2673 on
383 2621 448 2673 alios
461 2621 546 2689 prima
558 2621 698 2675 crescentis
712 2622 812 2692 origine
825 2622 920 2676 mundi

308 2707 430 2760 llluxisse
443 2706 506 2769 dies,
519 2707 633 2761 aliumve
645 2707 770 2761 habuisse
781 2719 901 2763 tenorem

307 2791 487 2845 Crediderim:
506 2810 552 2845 ver
564 2793 630 2846 illud
643 2801 713 2846 erat:
733 2811 778 2847 ver
790 2812 904 2862 magnus
916 2794 1011 2863 agebat

307 2879 397 2942 Orbis,
410 2887 436 2931 et
448 2877 574 2949 hybernis
586 2879 729 2948 parcebant
741 2879 847 2934 flatibus
860 2880 935 2934 Euri.

224 3013 333 3082 Porro
359 3014 590 3106 agriculturae,
615 3031 692 3085 tum
717 3018 873 3085 maxime
900 3040 922 3085 a
946 3041 984 3086 se
1011 3017 1209 3098 celebrate,

158 3131 318 3221 jejunam
342 3137 380 3197 et
405 3130 650 3220 imperfectam
682 3131 823 3200 videbat
853 3132 928 3200 fore
961 3131 1211 3214 laudationem,

164 3245 200 3312 ni
218 3245 425 3313 memoriam
443 3245 555 3313 beatae
573 3244 666 3314 illius
683 3247 904 3337 antiquitatis
921 3248 1133 3319 admisceret
1144 3247 1162 3319 ἱ.

306 3389 384 3442 Hauc
397 3390 461 3443 olim
473 3398 573 3444 veteres
585 3391 667 3444 vitam
679 3392 783 3445 coluere
797 3391 898 3456 Sabini,

306 3474 384 3528 Hanc
398 3476 498 3529 Remus
511 3483 537 3528 et
550 3475 644 3528 frater:
665 3476 702 3529 sic
714 3476 791 3530 fortis
803 3477 912 3530 Etruria
923 3480 1012 3542 crevit,

305 3558 410 3612 Scilicet
422 3568 447 3612 et
460 3578 549 3614 rerum
562 3560 631 3613 facta
642 3568 682 3613 est
694 3562 871 3630 pulcherrima
883 3563 977 3617 Roma.

304 3645 375 3697 Ante
387 3645 465 3698 etiam
479 3654 615 3716 sceptrum
628 3647 725 3701 Dictaei
737 3649 817 3718 regis,
830 3658 855 3701 et
868 3659 929 3702 ante

306 3730 393 3799 Impia
404 3749 485 3801 quam
497 3732 572 3786 caesis
585 3750 651 3803 gens
663 3743 703 3786 est
716 3736 820 3804 epulata
828 3736 959 3804 juvencis,

304 3817 410 3870 Aureus
423 3816 491 3871 hanc
505 3819 585 3872 vitam
598 3819 714 3873 interris
728 3819 860 3874 Saturnus
872 3823 976 3891 agebat.

214 3945 322 4018 Dicat
333 3948 478 4018 forsitan
492 3951 627 4042 aliquia,
641 3952 745 4037 “Qui
761 3953 835 4022 fieri
853 3959 1017 4046 potuerit,
1030 3966 1072 4026 ut
1089 3959 1127 4026 iu
1141 3983 1213 4030 ear-

164 4063 317 4132 minibus
335 4062 539 4154 Virgilianis
556 4067 685 4157 primas
711 4068 777 4137 sibi
800 4069 993 4140 vindicaret
1018 4075 1212 4163 praeterito-

235 4269 357 4337 ssGeorp.
371 4291 397 4337 4.
410 4288 454 4340 51.
597 4274 690 4330 hibid.
705 4295 729 4331 2.
744 4279 804 4348 336.
900 4259 902 4263 Ι
949 4280 1034 4334 iIln'd.
1048 4299 1073 4336 2.
1086 4298 1149 4354 532.
