2834 4882
184 346 382 388 suanam.
416 325 471 388 aad
481 333 508 388 et
522 323 683 408 uoluptatis
691 333 854 408 pertusura
868 346 897 390 so
912 326 1069 390 amedera
1169 330 1229 393 701

323 492 450 564 Effugere
461 492 534 546 haud
545 492 615 562 potis
627 502 676 555 est,
688 492 799 560 ingratis
811 491 901 555 haeret,
914 499 940 546 et
952 494 1033 563 angit,

323 579 474 648 Propterea,
486 577 573 632 morbi
585 578 647 648 quia
659 595 766 632 causam
779 595 834 632 nou
845 586 917 631 tanet
929 596 1000 648 aeger
1006 601 1015 642 3

324 664 415 724 Quam
426 660 494 718 bene
506 664 530 718 si
541 663 637 727 videat,
645 664 702 734 jam
714 664 794 718 rebus
807 665 919 735 quisque
931 665 1029 720 relictis

324 750 457 804 Naturam
469 750 586 819 primurn
598 749 704 804 studeat
716 767 876 819 cognoscere
888 768 993 804 rerum:

326 836 459 906 Temporis
471 837 561 889 aterni
572 836 700 905 quoniam,
713 852 764 888 aon
775 836 851 888 unias
862 836 931 889 lora

322 922 470 990 Ambipitur
481 927 575 984 statera,
587 921 615 974 in
628 939 677 991 quo
687 921 725 974 ait
735 921 888 975 mortalibus
899 923 981 976 omnia

322 1009 407 1062 AEtua
413 1015 477 1078 poat
489 1015 603 1072 moriere,
616 1026 672 1078 qua
683 1015 766 1062 restat
778 1026 883 1079 caraque,
896 1010 1030 1064 manenda.

184 1107 324 1207 Ecquis,
342 1113 496 1197 obsecro,
515 1139 584 1185 nou
605 1117 745 1208 juratus
763 1140 902 1209 quoque
926 1118 1032 1202 dicat,
1049 1119 1144 1210 loqui
1170 1121 1228 1191 hic

183 1231 364 1301 sanctioris
382 1232 574 1322 disciplina
591 1232 804 1323 patronum?

231 1345 356 1437 Atque
379 1347 434 1416 his
451 1347 595 1438 quidem
616 1348 700 1417 satis
717 1348 892 1440 significat
909 1371 947 1418 se
964 1350 1061 1418 sitire
1086 1351 1228 1420 immor-

183 1460 370 1543 talitatem,
388 1470 575 1553 pertaesum
597 1463 702 1553 hujus
720 1483 797 1554 quae
814 1486 908 1533 nuno
926 1472 980 1533 est
997 1465 1088 1534 vitae.
1140 1465 1228 1548 Quae

184 1584 386 1666 sequuntur,
416 1599 488 1668 prae
517 1599 555 1646 se
585 1576 703 1647 ferunt
732 1579 840 1669 ipsius
868 1601 1008 1670 quoque
1038 1579 1228 1672 voluptatis

183 1690 371 1774 fastidium,
383 1698 568 1783 tantopere
581 1693 674 1782 apud
693 1694 901 1784 magistrum
918 1716 1021 1763 auum
1039 1695 1226 1765 laudataea

427 1815 573 1871 Versamur
583 1816 692 1881 ibidem,
706 1825 785 1888 atque
796 1819 920 1872 insumus
934 1837 1033 1891 usque3

321 1900 380 1955 Nec
392 1918 462 1955 nova
474 1903 587 1957 vivendo
599 1903 756 1973 procuditur
766 1906 822 1958 ulla
833 1906 965 1974 voluptas,

322 1986 376 2042 Sed
387 1987 460 2059 quod
472 1989 555 2053 abest,
568 1989 633 2044 dum
646 2008 764 2055 avemus,
777 1991 804 2045 id
817 2009 974 2061 exsuperare
985 1992 1090 2047 videtur

321 2071 439 2128 Caetera:
458 2084 519 2144 post
531 2075 612 2139 aliud,
626 2094 688 2130 cum
700 2078 812 2147 contigit
822 2077 898 2140 illud,
911 2094 1019 2132 avemus
1026 2100 1035 2143 3

321 2159 357 2213 Et
369 2160 427 2214 sitis
438 2178 515 2233 aequa
527 2170 598 2215 tenet
610 2162 674 2216 vitai
686 2181 789 2232 semper
800 2164 919 2218 hiantes:

320 2241 480 2318 Posteraque
491 2247 520 2300 in
532 2246 614 2301 dubio
627 2257 667 2301 est
678 2248 813 2302 fortunam
825 2267 906 2320 quam
918 2249 995 2303 vehat
1007 2257 1080 2313 aetas,

321 2330 428 2390 Quidve
439 2333 506 2387 ferat
517 2334 595 2388 nobis
608 2353 695 2399 casus,
709 2336 786 2406 quive
798 2337 884 2390 exitus
896 2336 985 2390 instet.

229 2455 325 2538 Quid
351 2455 413 2526 illa
438 2459 625 2528 decantata
645 2458 690 2527 de
716 2460 936 2529 nascentium
962 2482 1149 2551 puerorum
1168 2484 1226 2530 va-

181 2571 282 2664 gitu?
308 2594 426 2640 nonne
452 2573 615 2642 omnibus
638 2572 829 2644 Platonicis
847 2582 883 2643 et
902 2573 1131 2667 Pythagoreis
1157 2575 1226 2646 ola-

181 2687 250 2756 rius
270 2685 473 2777 loquuntur,
490 2696 553 2757 aut
570 2689 607 2756 in
624 2689 770 2758 meliora
787 2691 971 2783 erigendos
989 2713 1064 2760 esse
1081 2691 1225 2774 animos,

180 2823 284 2891 quam
310 2823 373 2892 pro
399 2799 602 2871 mortalium
619 2825 659 2871 ac
678 2810 897 2872 terrenorum
922 2804 1068 2884 ratione,
1086 2812 1147 2872 aut
1165 2826 1225 2894 pe·

180 2917 274 2986 uitus
292 2915 547 3007 desperandum
565 2917 768 2989 hominibus
785 2919 830 2987 de
849 2919 921 2988 vita
938 2912 1094 2988 beatahl

317 3041 389 3096 'I'um
400 3061 480 3112 porro
493 3043 571 3108 Puer,
584 3053 614 3097 ut
626 3044 703 3098 saevis
715 3046 847 3114 projectus
861 3045 894 3098 ab
907 3044 987 3098 undis

319 3128 425 3192 Navita,
438 3129 528 3184 nudus
540 3129 616 3183 humi
625 3131 703 3200 jacet,
715 3130 811 3194 iulans,
824 3130 933 3201 indigus
945 3131 1019 3185 omni

318 3217 400 3271 Vitali
412 3218 520 3282 auxilio,
534 3235 596 3271 cum
608 3219 726 3288 primurn
737 3219 765 3271 in
777 3219 886 3272 luminis
898 3236 958 3272 oras

318 3303 435 3357 Nixibus
448 3321 480 3356 ea
492 3304 551 3357 alvo
564 3304 655 3357 matris
668 3303 773 3357 Natura
784 3303 904 3373 profudit
910 3325 919 3367 ;

318 3388 471 3459 vagituque
481 3390 571 3442 locum
583 3389 691 3459 lugubri
704 3391 826 3458 complet,
836 3397 866 3442 ut
879 3406 986 3459 aequum
999 3399 1047 3454 est,

319 3473 371 3528 Cui
382 3483 487 3528 tantum
499 3475 526 3528 in
540 3475 594 3529 vita
605 3483 686 3528 restat
698 3475 810 3528 transire
822 3477 962 3528 malorum.

178 3588 373 3671 Accedant,
392 3589 519 3680 quibus
545 3591 638 3681 apud
662 3612 744 3658 eum
768 3589 908 3659 Natura
925 3589 1089 3681 quemlos
1113 3591 1225 3659 horni-

179 3726 250 3787 nes,
268 3711 305 3774 et
322 3724 385 3774 sua
402 3703 621 3775 fastidientes
639 3700 826 3796 increpati.

601 3831 658 3885 Cur
669 3832 783 3901 amplius
796 3832 892 3886 addere
903 3832 1000 3903 quaeris

319 3917 439 3970 Rursum
451 3916 524 3987 quod
535 3925 624 3986 pereat
635 3918 713 3979 male,
723 3926 749 3970 et
761 3917 896 3987 ingratum
909 3917 1011 3971 occidat
1023 3935 1110 3981 omne,

318 4002 376 4056 Nec
389 4003 479 4072 potius
490 4003 553 4057 vitae
565 4003 646 4056 finem
657 4002 731 4065 facis,
744 4011 823 4074 atque
835 4003 950 4056 laboris?

317 4084 390 4139 Nam
401 4085 450 4139 tibi
462 4095 588 4155 praeterea
600 4085 673 4157 quod
683 4086 828 4149 machiner,
841 4085 1035 4156 inveniamque,

319 4170 401 4230 Quod
412 4173 521 4242 placeat,
534 4173 600 4226 nihil
613 4181 668 4227 est:
687 4173 779 4227 eadem
793 4181 855 4227 sunt
868 4172 957 4225 omnia
969 4188 1080 4240 semper.

232 4333 247 4371 Β
266 4325 344 4380 Lucr.
360 4343 386 4396 3.
403 4343 480 4397 1092.
692 4326 707 4363 ¹²
720 4340 745 4392 5.
760 4304 831 4379 222.¹
1033 4324 1079 4394 ¹3.
1092 4341 1154 4394 954.
