2768 4876
165 315 229 379 758
409 312 650 397 Virgiliooorum
665 310 835 374 carminum
847 308 946 372 maim.
984 294 1082 370 rama.
1092 325 1212 368 mvn.

165 486 273 556 iidem
300 486 419 555 auimo
445 486 516 555 siut
542 483 700 577 aegriore,
725 483 798 552 sive
822 481 868 550 ob
887 488 969 550 vota
995 478 1213 571 imperfecta,

165 603 249 683 sive,
268 609 310 671 ut
326 602 376 670 ait
394 600 463 681 ille,

398 745 534 804 Quoniam
546 744 634 799 medio
646 743 680 798 de
691 745 765 799 sonte
775 746 897 814 leporum

306 831 398 904 Surgit
410 832 491 887 amari
503 830 619 902 aliquod,
632 831 704 903 quod
716 832 745 885 in
756 830 821 901 ipsis
833 829 943 884 floribus
955 837 1046 900 angat.

164 950 254 1020 Tum
282 951 426 1021 demum
453 953 489 1021 in
512 952 673 1022 ardentia
692 952 799 1022 verba
820 975 861 1022 ac
882 973 985 1021 voces
1011 957 1212 1040 erumpunt,

165 1087 247 1135 cum
265 1089 303 1135 re
320 1068 462 1158 penitus
483 1074 601 1136 amata
619 1065 675 1136 vel
693 1075 825 1148 carent,
842 1065 899 1134 vel
917 1073 1015 1134 certe
1031 1063 1108 1132 fore
1125 1062 1213 1132 arbi·

165 1191 313 1263 trantur,
331 1190 372 1250 ut
390 1181 578 1272 aliquando
595 1204 638 1251 ea
656 1189 807 1251 careant.

216 1295 419 1388 Expendite
442 1319 536 1366 nunc
554 1296 830 1390 Virgilianorum
857 1297 1052 1366 carminum
1076 1295 1211 1364 seriem.

166 1411 286 1481 Primo
312 1435 394 1483 cum
421 1410 590 1482 Bucolica
615 1422 795 1506 pangeret,
813 1414 874 1482 vix
900 1419 962 1482 aut
988 1434 1033 1480 ne
1055 1411 1116 1479 vix
1137 1410 1213 1503 qui-

165 1528 247 1598 dem
281 1529 410 1620 praedia
444 1530 520 1620 ejus
552 1527 767 1620 reliquerant
801 1529 943 1599 milites.
1007 1526 1160 1609 Deinde,
1193 1549 1214 1595 a

165 1643 347 1738 Georgicis
370 1667 442 1713 non
466 1645 584 1736 potuit
605 1645 727 1715 abesse
753 1645 943 1715 tenerrima
960 1643 1120 1735 quaedam
1139 1643 1214 1734 ejus

164 1758 249 1827 mali
275 1761 446 1828 memoria
456 1759 574 1847 t-(ut
598 1758 687 1830 illud
707 1760 882 1842 omittam,
901 1757 1055 1851 Neapoli
1075 1757 1215 1849 jamdiu

165 1884 251 1945 tuuc
270 1877 438 1966 temporis
455 1899 537 1945 eum
560 1875 745 1958 habitasse,
763 1900 879 1967 neque
895 1876 1016 1945 multis
1033 1875 1214 1944 mensibus

165 1998 283 2058 amata
305 1988 432 2059 vidisse
458 1988 560 2082 loca.)
613 1988 753 2059 Deinde
778 1999 964 2083 postquam
991 1989 1035 2059 ad
1058 1987 1215 2059 AEueida

165 2104 385 2175 scribendam
415 2104 604 2196 impulerat
632 2105 808 2197 puderet
834 2114 955 2198 gratus
984 2106 1021 2173 in
1046 2112 1214 2196 patronos

165 2220 312 2301 animus,
330 2219 564 2289 distinebatur
589 2228 710 2290 tamen
736 2221 868 2290 invitus
894 2245 915 2289 a
939 2242 1070 2313 genere
1097 2228 1216 2311 pasto-

165 2334 252 2419 rali3
284 2357 474 2426 omnesque
500 2337 588 2406 adeo
619 2335 685 2406 sibi
715 2358 855 2427 semper
879 2335 1057 2428 quarebat
1083 2335 1213 2417 exitus,

165 2473 378 2542 omnemque
406 2451 581 2542 captabat,
607 2462 648 2521 ut
673 2454 725 2521 ita
751 2452 875 2534 dicam,
902 2453 990 2521 ruris
1019 2475 1060 2521 ao
1089 2451 1214 2543 patriae

166 2590 240 2638 suae
265 2590 398 2636 auram.
450 2567 503 2636 Ut
527 2569 586 2636 vix
612 2575 708 2637 certo
734 2567 831 2649 scias,
848 2576 929 2636 utro
953 2567 1108 2636 carmine
1135 2589 1215 2658 pro-

165 2683 244 2773 pius
266 2682 451 2750 accesserit
470 2683 514 2751 ad
531 2683 657 2751 intima
676 2681 862 2751 Musarum
889 2682 1080 2774 agrestium
1107 2703 1214 2772 pene·

165 2796 286 2865 tralia:
314 2819 412 2876 eone,
436 2820 505 2886 quo
531 2798 623 2887 ipsas
649 2798 732 2865 data
757 2796 913 2866 celebrat
939 2818 1065 2886 opera;
1091 2818 1212 2877 aneo,

165 2934 234 3003 quo
253 2911 471 2980 creberrimis
492 2911 684 2980 intervallis
701 2912 826 3002 recipit
843 2934 880 2980 se
898 2912 933 2979 in
952 2933 1011 2980 eas
1036 2933 1057 2979 e
1083 2909 1213 2979 bellico

166 3025 334 3095 tumultu.
377 3024 555 3115 Utrinque
573 3035 668 3095 certe
687 3025 848 3094 stimulos
866 3024 920 3093 vel
939 3025 1137 3116 praecipuos
1154 3025 1211 3093 ad-

165 3142 287 3223 movit,
301 3141 337 3209 id
351 3141 444 3230 quod
459 3141 622 3222 diximus,
637 3140 858 3209 desiderium.
899 3138 1061 3220 Carebat,
1074 3163 1145 3230 quo
1159 3162 1214 3208 oa·

164 3278 241 3325 rere
258 3278 329 3324 non
347 3264 505 3346 poterat:
532 3255 728 3325 absentiam
745 3255 826 3324 ideo
844 3263 951 3324 cantu
969 3253 1121 3323 levabat.
