2768 4876
164 297 229 365 656
324 300 502 363 laomellum
517 299 714 386 rapidissimo
729 310 808 365 moto
822 300 972 366 manea.
1006 325 1210 367 rainuxxxn.

215 471 281 542 nst
299 473 406 542 etiam
425 471 519 564 quod
539 472 637 542 miris
663 473 777 543 modis
802 472 918 564 capiat
943 472 1102 543 animum
1121 474 1212 543 etin

164 588 315 659 sublime
333 589 454 681 erigat,
472 587 534 657 ubi
552 589 595 658 de
618 587 790 659 sideribus
807 597 976 680 tanquam
994 611 1076 658 aere
1094 589 1213 680 palan-

163 706 259 775 tibus
282 707 419 774 diversa
444 705 519 774 haec
537 705 635 795 quasi
660 706 823 797 proponit
843 705 1010 797 auguria3
1037 706 1212 798 proferam

163 821 258 891 enim
276 821 450 913 paneade
468 820 590 890 multis
601 816 628 891 ¹¹.

305 947 354 1001 Est
367 948 446 1001 etiam
459 966 573 1019 quoque,
587 949 626 1001 uti
639 949 724 1017 possit
736 949 831 1003 caelum
843 966 922 1002 omne
934 967 1041 1004 manere

306 1033 339 1088 In
352 1034 472 1097 statione,
485 1042 575 1087 tamen
588 1051 649 1087 cum
662 1033 751 1088 lucida
763 1034 839 1104 signa
850 1034 978 1090 serantur.

305 1116 367 1171 Sive
380 1116 453 1187 quod
465 1117 562 1172 inclusi
573 1117 658 1187 rapidi
670 1127 734 1172 sunt
746 1118 866 1174 AEtheris
878 1128 969 1182 aestus,

305 1201 515 1275 Quaerentesque
527 1204 598 1258 viam
611 1204 859 1268 circumversantnr,
872 1214 897 1260 et
910 1206 986 1274 ignes

305 1288 410 1344 Passim
421 1307 468 1359 per
480 1290 537 1344 caeli
549 1291 661 1344 volvunt
674 1308 701 1345 se
713 1290 839 1345 immania
851 1293 949 1360 templa
956 1313 965 1355 ;

305 1375 367 1430 Sive
379 1376 485 1430 aliunde
497 1376 582 1430 fluens
595 1376 717 1430 alicunde
729 1379 891 1431 extrinsecus
904 1381 949 1432 adr

304 1462 401 1517 Versat
412 1481 494 1532 agens
506 1465 599 1533 ignem
618 1463 673 1518 sive
685 1464 736 1534 ipsi
749 1481 852 1534 serpere
864 1474 987 1534 possunt,

305 1549 369 1610 Quo
382 1551 511 1622 cujusque
523 1551 598 1605 cibus
611 1559 696 1614 vocat,
709 1560 788 1622 atque
799 1551 894 1607 invitat
906 1559 1008 1615 euntes,

306 1636 439 1692 Flammea
451 1655 498 1708 per
510 1638 605 1692 caelum
618 1647 755 1708 parcentes
767 1656 878 1709 corpora
889 1637 997 1708 passim.

164 1750 232 1822 Oui
262 1773 333 1821 non
364 1752 495 1821 eximia
526 1751 687 1821 videntur
717 1751 850 1843 species
880 1748 941 1818 illa
971 1746 1068 1839 quasi
1099 1749 1217 1841 gregis

164 1866 333 1937 latissime
355 1867 500 1959 dispersi
526 1890 589 1958 per
613 1868 827 1936 immensum
844 1865 1000 1936 AEtheris
1024 1863 1217 1955 campum?

163 1983 357 2073 praesertim
371 1983 399 2051 si
413 1982 541 2074 quibus
559 1982 653 2051 idem
671 1981 775 2063 ultro,
790 1981 916 2073 puerili
933 1981 1082 2050 fortasse
1100 1986 1217 2062 aetate,

164 2098 202 2166 in
226 2104 385 2166 mentem
412 2098 568 2168 venerit:
595 2096 631 2165 id
659 2094 752 2187 quod
781 2095 871 2165 bene
899 2093 1021 2164 multis
1047 2091 1218 2163 accidisse

165 2213 386 2283 crediderim.

214 2329 380 2421 Denique
397 2354 469 2399 non
495 2329 621 2400 leviter
638 2330 760 2422 arrigit
778 2353 815 2399 se
830 2328 1028 2409 Lueretius,
1043 2325 1217 2416 laetusqne

164 2469 206 2516 ao
230 2445 355 2515 lubens
379 2469 424 2514 ex
448 2469 485 2515 se
503 2446 762 2537 quodammodo
789 2446 945 2536 eripitur,
963 2443 1103 2533 quoties
1121 2440 1218 2510 velo-

165 2561 295 2633 cissimi
322 2569 439 2630 motus
470 2561 560 2630 forte
592 2562 716 2630 incidit
744 2562 889 2630 mentio.
952 2559 1080 2649 Itaque
1110 2558 1218 2627 tertia

164 2678 226 2748 illa
251 2679 385 2769 species
411 2700 481 2745 non
508 2677 628 2768 inepte
652 2677 817 2768 conjungi
844 2675 954 2766 possit
974 2696 1055 2742 oum
1076 2673 1118 2742 iis
1137 2696 1217 2763 quae

165 2792 271 2859 modo
289 2791 581 2861 memoravimus:
609 2814 690 2859 cum
705 2790 838 2881 liquida
850 2789 1016 2857 videlieet
1033 2786 1124 2867 luce,
1142 2809 1218 2878 spa·

165 2909 286 2996 tioque
309 2909 458 2977 infinito.
511 2908 624 2980 Verbi
650 2910 773 3001 gratia,
793 2908 942 2997 aecipite
961 2905 1217 2974 lucidissimum

165 3047 308 3093 carmen
322 3025 366 3094 de
384 3024 583 3094 mobilitate
601 3025 780 3104 materiae;
806 3024 900 3114 quod
919 3033 956 3090 et
973 3022 1091 3112 ipsum
1108 3019 1218 3090 habet

166 3143 339 3212 rationem
356 3141 544 3211 matutinae
563 3135 777 3209 cantilenosi.

308 3270 429 3324 Primum
441 3271 546 3324 Aurora
558 3287 629 3323 novo
642 3287 704 3322 cum
717 3270 817 3338 spargit
829 3269 930 3321 lumine
942 3276 1035 3330 terras,

308 3357 343 3411 Et
355 3359 434 3412 variae
446 3359 567 3412 volucres
580 3374 689 3409 nemora
701 3357 759 3409 avia
770 3355 967 3424 pervolitantes,

307 3443 377 3498 Aera
389 3463 435 3514 per
446 3454 554 3498 tenuem
566 3442 673 3514 liquidis
686 3444 744 3496 loca
756 3441 867 3494 vocibus
880 3442 998 3510 opplent,

309 3530 399 3589 Quam
412 3531 501 3583 subito
514 3532 596 3584 soleat
610 3529 656 3582 Sol
668 3537 743 3582 ortus
755 3536 874 3596 ternpore
886 3527 932 3580 tali

309 3615 464 3669 Convertire
477 3633 525 3667 sna
537 3614 699 3683 perfundens
713 3614 803 3667 omnia
814 3616 881 3675 luce,

309 3701 444 3755 Omnibus
457 3701 485 3753 in
498 3710 633 3770 promptu,
645 3701 870 3770 manifestumque
883 3717 940 3752 esse
952 3698 1084 3754 videmus.

310 3789 345 3843 At
358 3806 439 3857 vapor
450 3788 479 3839 in
491 3805 571 3857 quem
585 3786 630 3839 sol
641 3786 732 3850 mittit,
745 3788 889 3856 lumenque
902 3803 1034 3849 serenum,

310 3875 373 3929 Non
385 3893 433 3944 per
444 3875 522 3926 inane
535 3884 604 3925 meat
618 3890 740 3936 vacuum,
755 3890 807 3943 quo
819 3871 921 3925 tardius
933 3872 972 3924 ire

310 3961 431 4030 Cogitur,
445 3959 526 4013 aerias
541 3959 616 4030 quasi
628 3961 690 4012 cuin
703 3958 849 4012 diverberet
861 3957 964 4020 nudas;

309 4047 336 4101 N
338 4065 366 4100 ec
380 4045 532 4116 singillatim
546 4046 703 4113 corpuscula
715 4062 827 4116 quaeque
839 4044 953 4112 vaporis,

310 4131 363 4185 Sed
376 4132 513 4200 complexa
525 4137 615 4185 meant
627 4131 696 4184 iuter
708 4149 744 4194 se,
760 4148 862 4203 conque
874 4129 989 4198 globata.

343 4317 353 4347 ¹·
368 4316 446 4370 Lucr.
461 4327 485 4381 5.
499 4315 559 4380 518.
877 4310 963 4366 libid.
977 4327 1002 4368 2.
1019 4327 1077 4381 143.
