2768 4876
180 334 269 375 runc.
282 331 372 374 xxxr.
440 309 495 370 Ec·
509 307 611 392 auimo
626 327 694 369 oum
708 307 823 370 rotatico
838 306 986 370 ιισίοίοοα
1160 305 1225 374 637

178 505 244 552 uon
276 478 389 552 semel
417 480 510 570 apud
536 477 776 558 Theocritum,
802 477 838 546 id
867 478 961 567 quod
992 477 1122 547 indicio
1152 477 1226 569 ple·

175 617 326 687 rumque
344 602 399 664 est
423 594 582 686 germani
599 593 729 662 amoris
753 599 790 660 et
816 593 962 661 minime
979 594 1225 673 commentitii,

173 711 298 781 dedita
323 731 430 799 opera
455 706 597 798 depingi
625 728 680 774 res
705 707 853 776 rusticas
878 714 916 774 et
939 714 1105 798 agrestes,
1130 706 1228 776 nulla

168 847 317 918 prorsus
334 824 449 914 operis
472 821 626 912 suscepti
652 822 873 890 necessitate.
926 820 1111 913 Faginum,
1130 822 1227 892 verbi

168 962 290 1021 causa,
317 934 486 1030 poculum
512 934 678 1005 describit
700 933 878 1004 Theocriti
901 935 1026 1005 Pastor
1051 937 1088 1004 in
1114 937 1227 1028 primo

166 1054 326 1146 Idyllio;
353 1053 520 1122 describit
542 1050 668 1119 itidem
687 1049 905 1142 Virgilianus
928 1050 1163 1142 nescioquis:
1189 1059 1227 1120 at

165 1169 295 1237 videte
313 1166 398 1257 quid
415 1165 566 1234 intersit.
606 1162 677 1233 Hic
695 1163 882 1234 simulacra
899 1162 1062 1254 quaedam
1079 1165 1226 1244 inducit,

164 1282 323 1374 pulchra
340 1281 401 1350 illa
413 1280 569 1372 quidem,
586 1289 623 1347 et
639 1278 766 1368 quibus
783 1280 941 1370 impense
959 1278 1227 1348 delectabantur

166 1396 291 1468 Graeci
314 1395 476 1475 artifices,
494 1394 556 1463 sed
581 1416 603 1463 a
628 1400 810 1484 pastorum
827 1401 948 1462 tamen
972 1394 1097 1464 studiis
1113 1416 1228 1463 remo-

171 1520 278 1580 ηοω.
318 1604 352 1659 In
363 1603 451 1658 medio
465 1601 519 1657 duo
532 1603 617 1672 signa,
633 1601 746 1666 Conon5
765 1610 791 1655 et
803 1602 863 1672 quis
875 1602 926 1655 fuit
937 1603 1010 1666 ulter,

318 1689 467 1759 Descripsit
479 1688 553 1742 radio
564 1696 653 1742 totum
666 1688 712 1758 qui
724 1687 849 1758 gentibus
862 1687 972 1744 orbem?

173 1809 318 1880 Deinde
336 1811 381 1879 de
399 1808 511 1879 altero
529 1808 659 1878 dicitur
675 1806 813 1899 poculo,

318 1946 478 2018 Orpheaque
489 1946 519 1999 iu
530 1945 619 2000 medio
632 1946 730 2015 posuit,
743 1946 884 2016 sylvasque
896 1956 1046 2016 sequentes,

171 2068 318 2149 Contra,
336 2090 413 2158 quae
431 2066 599 2137 caelantur
615 2066 653 2135 in
670 2073 805 2135 cratere
823 2064 1008 2135 Theocriti
1029 2066 1225 2158 simplicem

172 2193 212 2253 et
229 2192 407 2276 agrestem
424 2184 535 2251 vitam
556 2180 700 2250 omnino
718 2181 858 2270 sapiunt
870 2190 903 2249 c:

280 2327 371 2382 τοῖσδε
382 2327 447 2396 με’τα
458 2325 565 2398 γριπεῦς
576 2347 605 2380 τε
616 2325 699 2396 γέρων
710 2325 792 2395 πετρά
803 2346 832 2378 τε
844 2324 961 2378 τέτυκται

279 2413 386 2483 λεπρδς,
396 2411 439 2483 ἐφ’
452 2409 469 2481 ᾇ
482 2410 601 2466 σπεύδων
612 2411 679 2482 μεγδ
691 2410 792 2464 δίκτυον
804 2409 831 2466 ἐς
841 2411 924 2474 βολον
936 2409 1006 2464 ἕλκει

281 2497 435 2569 δπρέσβυς,
448 2498 567 2566 κάμνοντι
578 2498 608 2550 τδ
621 2498 744 2566 κάρτερον
755 2495 828 2566 ἀνδρὶ
840 2495 936 2551 ἐοικώς·

280 2585 360 2655 φαίης
372 2605 415 2637 κεν
425 2583 505 2654 γυίων
517 2605 555 2636 νιν
567 2581 632 2636 ὅσον
644 2581 738 2637 σθένος
749 2580 918 2635 ελλοπιεῦειν·

280 2670 331 2724 ὧδέ
342 2671 366 2722 ol
378 2667 504 2741 ᾥδήκαντι
516 2666 570 2722 κατ’
583 2671 678 2737 αὔχενα
689 2668 816 2722 ποντόθεν
828 2664 887 2730 ἶνες,

280 2756 322 2809 καὶ
333 2755 417 2828 πολίιρ
428 2775 478 2823 περ
491 2753 567 2808 ἐόντι·
586 2754 616 2806 τδ
629 2754 658 2807 δὲ
670 2752 763 2809 σθένος
774 2753 848 2820 ἄξιον
859 2751 933 2818 ἅβας·

279 2840 373 2895 τυτθὸν
384 2840 406 2895 δ’
420 2840 505 2895 ὅσσον
515 2838 617 2895 ἄπωθεν
628 2838 775 2909 ἁλιτρῦτοιο
787 2839 909 2911 γέροντος

279 2927 413 2996 πυρναίαις
424 2916 589 2998 σταῷνλαῖσι
601 2928 681 2981 καλδν
691 2927 814 2996 βέβριθεν
825 2926 906 2979 dtas·

279 3014 327 3067 τδν
338 3014 427 3085 ὀλίγος
438 3036 478 3070 τις
490 3019 571 3083 κώρος
583 3012 625 3083 ἐφ’
638 3013 787 3082 σίρσσίαισι
798 3013 935 3083 φυλάσσει

279 3099 378 3168 ήρενος·
397 3099 465 3168 ἀμφὶ
478 3099 507 3152 δὲ
518 3100 562 3168 μὶν
574 3097 612 3153 δυ’
625 3099 762 3154 ἀλώπεκες·
782 3097 857 3167 ἆρέν
868 3095 905 3151 ἀν’
918 3095 1003 3167 ὅρχως

280 3186 370 3255 φοιτῇ,
383 3184 505 3253 σινομένα
517 3186 563 3239 τὰν
575 3185 710 3254 τρώξιμον
729 3183 791 3248 dd’,
804 3184 846 3238 ἐπὶ
859 3182 944 3252 πήραν

278 3269 362 3323 πάντα
374 3270 453 3323 δόλον
463 3268 596 3340 τεύχοισα,
610 3271 639 3323 τὸ
651 3269 754 3324 παίδων
766 3269 796 3323 οὔ
807 3269 869 3339 πρὶν
879 3267 985 3336 ἀνήσειν

279 3353 352 3424 φατὶ,
364 3356 426 3424 πρίν
437 3354 452 3422 ἢ
465 3355 620 3424 ἇκράτιστον
632 3355 674 3409 ε’πὶ
687 3356 791 3426 ξηροῖσι
804 3355 904 3422 καθίξῃ·

279 3437 359 3509 αὗταρ
372 3439 410 3511 ὅγ’
424 3440 588 3510 ἇνθερίκεσσι
601 3444 681 3494 καλαν
692 3441 781 3495 πλέκει
792 3437 972 3508 ἀκριδοθήραν,

278 3525 377 3596 σχοίνῳ
389 3526 572 3597 ἕφαρμόσδων·
591 3525 700 3595 μέλεται
712 3525 741 3579 δέ
752 3527 776 3578 ol
788 3528 847 3578 οὔτε
859 3546 883 3578 τι
895 3522 977 3593 πήρας

279 3613 339 3664 οὕτε
351 3613 441 3681 φυτῶν
453 3614 592 3680 τοσσήνον,
604 3610 669 3666 ὅσον
680 3613 740 3682 περὶ
751 3609 881 3682 πλέγματι
892 3609 975 3681 γαθεῖ.

172 3727 235 3800 Sic
264 3741 414 3822 pascunt
444 3733 581 3824 pictura
610 3733 778 3814 animum,
807 3731 935 3822 quibus
960 3730 1137 3822 agendum
1167 3736 1223 3797 est
1275 3740 1276 3743 ’

172 3845 334 3938 procula
354 3869 435 3916 rure
452 3856 581 3917 amato.

223 3961 330 4045 Quid,
349 3987 426 4054 quae
441 3963 649 4033 mollissima
666 3963 774 4032 habet
790 3962 896 4044 idem,
915 3970 993 4031 tum
1011 3962 1056 4030 de
1073 3959 1223 4031 Galatea

173 4074 319 4147 ludente
338 4079 375 4147 in
392 4078 563 4161 litoribus,
576 4087 654 4148 tum
668 4079 712 4148 de
726 4077 935 4170 Polyphemi
954 4076 1065 4147 cane?
1091 4075 1223 4149 Nonne

533 4273 547 4301 ⁶
559 4263 672 4318 Theocr.
685 4262 764 4332 Idyll.
780 4278 803 4315 1.
816 4278 860 4332 39.
