2768 4876
162 311 255 354 rann.
268 313 335 352 xxr.
401 290 458 354 loci
472 312 509 354 uc
523 293 825 376 commorationem
839 293 964 356 cocart
1138 296 1203 364 889

164 457 220 527 Ex
238 461 365 550 quibus
391 460 602 553 intelligitur
626 461 742 553 plane,
760 461 857 552 loqui
874 484 932 530 eas
954 463 991 530 in
1012 471 1204 553 conspectu

164 573 237 662 ejus
255 573 440 665 sepulchri,
459 576 551 666 quod
570 574 671 645 tanto
688 575 818 645 affectu
835 584 1056 646 venerantur.
1099 576 1205 659 Quod

164 689 271 757 etiam
300 690 365 758 sub
390 690 492 758 initio
519 688 699 759 Poematis
727 689 939 780 profitentur
966 714 988 760 a
1018 713 1056 760 se
1085 691 1204 762 altaris

164 798 240 871 loco
269 802 402 871 haberi.
464 803 521 872 Ita
551 805 656 886 enim,
685 802 835 873 Electrae
865 804 1074 887 consulenti,
1104 828 1203 877 suam

164 916 337 1003 spondent
354 939 496 1008 operam
506 913 533 998 d,

373 1084 507 1152 αι’δουμένη
520 1106 572 1147 σοι,
585 1087 674 1153 βῶμον
686 1085 728 1148 ὣς,
740 1083 839 1153 τύμβον
849 1086 955 1156 πατρὸς,

372 1170 450 1237 λέξω,
463 1169 575 1226 κελεύεις
585 1172 645 1240 γὰρ,
658 1172 703 1224 τὸν
715 1170 742 1222 ἐκ
754 1172 850 1240 φρενὸς
861 1174 950 1242 λόγον.

209 1311 334 1381 Nolite
351 1320 476 1403 putare
489 1336 566 1382 eam
582 1335 657 1382 rem
670 1312 726 1382 vel
745 1335 828 1382 casu
841 1311 1010 1395 adhiberi,
1022 1312 1078 1382 vel
1092 1336 1204 1384 scenae

165 1428 371 1496 adornandae
400 1430 522 1519 gratia.
574 1427 704 1507 Primo,
735 1426 824 1496 illud
853 1427 979 1518 ipsum,
1010 1427 1103 1517 quod
1133 1453 1205 1499 uno

166 1543 359 1632 codemque
385 1541 463 1611 loco
490 1543 674 1612 conficitur
699 1544 822 1623 omnis,
841 1551 972 1631 quanta
989 1551 1121 1632 quanta
1141 1552 1205 1625 est,

165 1655 291 1736 fabula,
315 1656 392 1745 quis
415 1657 527 1725 nescit
553 1657 595 1725 ad
623 1655 887 1747 simplicitatem
913 1657 1069 1724 maxime
1099 1657 1207 1747 pcrti-

165 1790 256 1849 nere,
278 1777 386 1859 atque
411 1770 455 1838 ad
479 1765 662 1838 austerum
683 1778 720 1838 et
745 1791 852 1861 grave
875 1769 1050 1839 scribendi
1074 1792 1205 1862 genus:
1325 1771 1327 1775 ’

166 1905 272 1972 quum
297 1906 340 1952 ea
361 1883 421 1952 lex
444 1892 582 1953 servata
606 1884 663 1953 vel
683 1885 858 1975 praecipuc
882 1884 988 1952 sitin
1013 1906 1126 1966 causa,
1144 1909 1208 1955 cur

164 1992 302 2085 gravior
328 1995 536 2087 plerumque
564 2021 605 2066 ac
632 1999 784 2066 severior
807 1997 982 2066 habeatur
1001 1996 1208 2068 Graecanica

164 2107 357 2202 Tragoedia,
377 2134 483 2202 quam
509 2111 652 2181 nostrai
695 2109 777 2192 Quo
803 2118 924 2180 autem
949 2111 1140 2203 simplicior
1165 2135 1206 2183 ac

165 2224 325 2305 severior,
343 2247 385 2293 eo
402 2232 499 2293 certe
517 2224 655 2316 dignior
672 2231 748 2292 erat
765 2223 896 2315 regula,
914 2223 972 2292 cui
989 2233 1128 2314 pareret
1153 2249 1208 2296 rc·

165 2333 294 2428 ligiosae
324 2335 483 2405 formulae
511 2338 669 2428 scriptor.
721 2336 823 2405 Idem
854 2337 963 2405 etiam
992 2336 1048 2425 (ut
1077 2340 1207 2408 cursim

164 2449 387 2540 admoneam)
404 2449 551 2518 retinuit
568 2449 665 2519 illam
683 2473 822 2540 quoque
839 2448 986 2520 alteram
1004 2451 1208 2543 simplicita-

164 2564 210 2632 tis
234 2565 390 2655 pristinae
412 2572 560 2655 partem,
579 2587 685 2656 quam
704 2565 741 2633 in
758 2562 1029 2656 Agamemnone
1050 2567 1126 2656 ipse
1146 2589 1208 2636 ne·

164 2676 333 2769 glexerat,
357 2677 466 2758 illam,
488 2680 642 2769 inquam,
660 2703 737 2770 quae
762 2680 877 2770 posita
899 2687 954 2749 est
976 2681 1014 2748 in
1038 2681 1207 2771 temporis

164 2793 299 2861 ratione
325 2793 516 2862 servanda:
546 2816 591 2862 ne
617 2792 754 2862 scilicet
779 2793 816 2860 in
843 2793 988 2886 longum
1014 2795 1119 2864 nimis
1145 2817 1208 2863 ex·

165 2915 282 2975 currat
299 2929 355 2975 res
371 2908 409 2974 in
426 2907 566 2976 theatro
583 2914 672 2988 acta,
690 2930 781 2976 neve
798 2930 903 2976 scena
922 2908 958 2976 in
980 2908 1207 2999 paucissimas

165 3018 266 3088 horas
296 3021 514 3114 constringat
545 3027 702 3103 eventus,
729 3043 816 3111 quos
846 3022 883 3089 in
913 3043 1086 3090 annorum
1116 3021 1208 3090 forte

163 3132 317 3223 plurium
340 3136 493 3226 spatium
514 3135 661 3204 diffimdi
688 3136 762 3204 vita
787 3144 894 3225 atque
920 3135 1048 3204 veritas
1067 3135 1205 3225 jubeat.

166 3245 346 3317 Nimirum
375 3250 412 3316 in
439 3247 709 3341 Agamemnone
734 3249 845 3340 Trojae
871 3272 991 3320 casum
1021 3249 1207 3320 intervallo

164 3360 262 3429 nullo
279 3361 413 3453 excipit
430 3364 645 3455 Argivorum
666 3364 810 3444 redime,
829 3385 934 3453 quem
952 3364 1068 3433 sciunt
1086 3385 1208 3433 omnes

164 3474 358 3544 multorum
385 3476 492 3546 fuisse
519 3476 694 3546 mensium
724 3460 920 3569 negotium.
976 3476 1120 3557 Rursus,
1146 3477 1208 3546 ubi

165 3588 301 3678 scripsit
318 3589 534 3660 Eumenidas
546 3590 743 3683 AEschylus,
760 3614 831 3660 non
849 3590 1025 3661 dubitavit
1041 3591 1079 3659 in
1095 3612 1208 3659 unum

163 3701 320 3771 conferre
346 3704 497 3773 discreta
519 3705 628 3774 tantis
653 3713 691 3773 et
721 3705 789 3774 loci
815 3713 853 3775 et
877 3705 1047 3796 temporis
1073 3704 1205 3794 spatiis,

164 3815 302 3902 quantis
319 3837 340 3884 a
356 3839 443 3908 rupe
461 3815 637 3909 Delphica
659 3818 814 3887 distabat
832 3819 1050 3909 Areopagus.
1103 3815 1206 3889 Nihil

163 3949 302 4018 prorsus
335 3931 407 4000 tale
444 3932 538 4023 apud
573 3931 824 4023 Cho'ephoras:
865 3932 1057 4023 exiguntur
1090 3933 1209 4000 omnia

163 4041 275 4134 rigide
305 4052 342 4112 et
370 4053 533 4115 accurate
562 4047 607 4115 ad
638 4067 716 4114 eam
746 4068 915 4127 normam,
947 4068 1053 4136 quam
1082 4044 1208 4114 volunt

578 4259 714 4330 ronan
731 4277 789 4327 104.
