2768 4876
165 344 394 388 ranunxvm.
420 322 583 407 Utrimque
597 323 634 386 de
650 332 743 386 rrrorte
758 322 931 386 uoluntaria
940 321 1106 405 judicium.
1144 319 1204 386 761

299 491 335 545 Et
347 509 402 545 non
414 493 503 546 omnia
514 502 653 562 pertusum
666 501 792 562 congesta
804 492 880 561 quasi
891 491 920 544 in
932 507 978 544 vas

301 577 451 633 &minoda
462 579 616 649 perfluxere,
629 588 709 649 atque
720 580 824 649 ingrata
836 578 972 632 interiere:

302 662 359 717 Cur
370 682 435 728 non,
448 673 479 718 ut
492 667 586 735 plenus
596 665 656 719 vitae
669 665 789 728 conviva,
802 663 912 728 recedis,

304 751 392 822 AEquo
404 752 545 823 animoque
558 752 630 821 capis
646 768 775 814 securam,
789 753 878 814 stulte,
891 751 1006 821 quietem
1020 754 1029 802 ἓ

303 836 351 891 Sin
364 856 403 901 aa,
416 855 476 908 quae
487 839 592 892 fructus
605 855 710 908 cunque
722 855 760 899 es,
772 837 871 906 periere
883 837 1001 906 profusa,

302 922 415 994 Vitaque
428 924 457 976 in
468 923 573 976 offensu
587 935 644 975 est:
664 940 712 975 cur
724 924 838 992 amplius
851 921 947 975 addere
960 921 1066 991 quaeria,

302 1008 420 1063 Rursum
433 1009 505 1080 quod
518 1018 605 1079 pereat
618 1010 695 1071 male,
709 1017 734 1062 et
746 1009 881 1078 ingratum
894 1007 997 1062 occidat
1010 1026 1096 1070 omne,

301 1095 359 1150 Nec
368 1097 456 1165 potius
469 1098 530 1151 vitae
542 1097 622 1150 finem
634 1097 707 1160 facis,
721 1105 799 1167 atque
811 1097 928 1150 laboris?

210 1192 358 1263 Auditis
375 1194 432 1263 hic
456 1193 692 1264 miserabilem
716 1193 816 1262 illum
836 1204 872 1262 et
890 1193 1057 1261 acerbum
1077 1191 1208 1261 Lucre·

165 1310 268 1379 tianae
288 1308 439 1379 Poeseos
463 1332 597 1390 sonum,
616 1310 742 1401 in‘gido
766 1321 802 1377 et
827 1310 975 1377 immoto
1001 1306 1103 1377 oculo
1127 1330 1210 1377 con-

163 1424 368 1516 templantis
385 1426 571 1494 commoda
589 1426 772 1516 peniteret
790 1426 928 1516 ingrata
946 1425 1040 1494 vitae.
1076 1423 1209 1492 Contra

162 1563 275 1631 pauca
291 1540 353 1609 illa
370 1541 523 1634 Virgilii,
542 1541 602 1610 sed
621 1540 726 1631 plena
746 1538 944 1621 dulcedine,
963 1561 1043 1608 cum
1063 1539 1209 1607 minime

163 1665 297 1748 negent
314 1655 493 1727 abundare
510 1655 770 1726 calamitatibus
787 1655 1025 1724 conditionem
1052 1654 1141 1723 hanc
1161 1654 1210 1721 vi-

164 1772 281 1852 vendi,
299 1771 432 1841 habent
450 1782 569 1842 tamen
595 1781 757 1840 tenerum
775 1770 916 1860 aliquod
943 1793 983 1840 ac
1006 1769 1097 1850 lene,
1117 1769 1210 1861 quod

165 1887 199 1952 in
226 1895 367 1957 mentes
392 1897 517 1979 sponte
544 1885 803 1978 quodammodo
830 1884 964 1966 influat,
982 1909 1023 1954 aa
1049 1885 1158 1953 tacita
1176 1882 1210 1951 vi

165 2002 362 2072 tolerabilia
379 2005 502 2073 reddat
520 2004 647 2071 omnia.

217 2115 338 2206 Atque
368 2116 434 2186 hau
462 2116 506 2186 de
534 2140 571 2185 re
603 2116 766 2198 viderint,
796 2115 855 2205 qui
887 2111 1077 2204 Virgilium
1111 2111 1210 2181 nobis

167 2231 312 2299 tradunt
337 2230 489 2323 Epicuro
512 2232 704 2300 addietum.
758 2229 864 2298 Nunc
891 2251 932 2296 aa
958 2228 1063 2296 modo
1090 2238 1211 2296 manta

167 2346 384 2434 proferimus,
414 2347 543 2437 nequid
571 2344 808 2438 Virgilianum
844 2352 1085 2434 praetereatur,
1116 2343 1210 2433 quod

166 2462 324 2530 animum
340 2484 481 2552 quoquo
505 2462 610 2530 modo
634 2461 807 2552 significet
828 2459 984 2527 Lucretii
1007 2481 1211 2527 memorem.

217 2577 328 2644 Porro
347 2577 548 2658 videndum,
567 2600 610 2645 an
629 2575 828 2644 universam
851 2576 1000 2642 duorum
1019 2574 1212 2643 Poetarum

167 2690 487 2760 dissimilitudinem
523 2714 592 2760 non
629 2691 722 2760 male
757 2690 911 2760 declaret
947 2711 1037 2757 unus
1071 2688 1131 2758 ille
1168 2689 1212 2757 de

167 2816 281 2876 morte
296 2807 493 2876 voluntaria
511 2806 618 2875 locus.
650 2807 745 2875 Nam
760 2828 840 2874 cum
855 2805 995 2894 utrique
1008 2826 1146 2872 summa
1159 2826 1212 2872 re-

167 2944 245 2989 rum
262 2929 418 2990 vertatur
432 2923 467 2990 in
480 2921 631 2990 Naturae
650 2922 808 3011 rurisque
826 2919 1014 3001 miraculis,
1025 2919 1213 2988 statuimus

168 3044 298 3116 tamen,
317 3058 379 3127 pro
399 3038 492 3105 vario
516 3045 589 3105 tam
616 3034 743 3104 indolis
766 3057 873 3125 quam
891 3035 1109 3103 fortunarum
1128 3056 1214 3123 quo·

166 3173 236 3240 que
253 3174 392 3243 genere,
404 3153 532 3220 mirum
547 3160 718 3241 quantum
736 3152 830 3219 inter
842 3173 880 3219 se
894 3151 1023 3219 distare
1040 3149 1214 3217 maximos

170 3256 271 3346 viros,
285 3289 326 3335 ac
344 3267 586 3335 diversissimis
605 3266 708 3358 plane
726 3265 836 3335 oculis
854 3266 995 3334 easdem
1021 3285 1076 3332 res
1103 3262 1215 3332 solere

168 3381 409 3473 contemplari.
480 3382 686 3450 Lucretium
722 3381 897 3460 videlicet,
932 3388 1118 3471 postquam
1153 3380 1214 3448 diu

167 3495 392 3588 multumque
403 3497 625 3566 desudaverit
639 3498 675 3564 in
692 3495 904 3588 acquirenda
915 3496 1072 3575 veritate,
1084 3494 1213 3575 fructu,

169 3619 209 3678 ut
235 3611 300 3701 ipsi
326 3611 469 3703 quidem
496 3610 690 3692 videbatur,
711 3611 765 3679 vel
792 3609 889 3679 nullo
919 3609 973 3679 vel
1000 3611 1138 3701 exigua,
1160 3632 1214 3678 re·

168 3726 285 3816 cipere
303 3749 339 3795 sa
357 3727 500 3795 tandem
520 3725 624 3816 plane
648 3726 824 3795 defessum
850 3727 886 3793 in
913 3748 1038 3794 arcana
1057 3725 1213 3805 Naturae,

169 3839 269 3908 velut
295 3841 331 3908 in
358 3848 500 3930 portum
526 3838 689 3929 aliquem,
712 3839 772 3908 ubi
798 3861 835 3908 se
861 3840 904 3908 ad
932 3849 1072 3929 tempus
1098 3836 1214 3906 delec-

169 3966 244 4024 tare
270 3957 380 4046 possit
404 3957 540 4047 magnis
566 3967 603 4023 et
628 3955 794 4024 mirandis
818 3955 1039 4046 imaginibus,
1057 3952 1215 4043 undique

168 4070 396 4159 conquisitis;
422 4080 539 4161 atque,
559 4079 600 4138 ut
618 4071 668 4138 ita
685 4070 811 4150 dicam,
826 4070 962 4138 fruatur
980 4092 1043 4137 suo
1061 4068 1214 4158 quodam

168 4208 299 4276 genere
317 4186 544 4267 somniorum,
563 4186 598 4253 in
618 4185 827 4254 immensum
847 4193 884 4252 et
902 4185 1078 4252 infinitum
1097 4182 1216 4251 nescio
