2768 4876
163 298 384 388 ranmxxxur.
414 323 498 402 Quid
509 323 561 399 ot,
575 323 768 385 communiter
774 322 909 406 propria
923 323 1027 384 dimo.
1142 317 1208 386 667

164 495 237 579 bus,
255 497 364 586 siquis
390 497 627 565 communiter
652 494 783 563 dixerit
808 494 956 585 propria.
1008 491 1102 574 Jam,
1126 492 1210 582 quid

165 611 229 680 sibi
252 610 340 681 velit
366 610 445 693 hoo,-
466 610 703 680 communiter
728 610 867 702 propria
892 610 1017 689 dicere,
1040 608 1211 698 exemplis

167 727 322 796 doceam.
375 725 568 819 Fingamus
591 726 673 816 poni
697 726 743 794 ab
763 724 881 815 aliquo
899 725 1040 793 Pictore
1057 723 1212 817 Anglico

168 842 316 921 arbores,
335 841 435 920 feras,
454 842 592 932 oppida,
611 841 717 909 facies
734 840 916 909 hominum
935 849 1043 930 atque
1060 840 1212 921 habitus,

169 956 287 1047 quales
304 957 379 1048 ipse
397 964 591 1049 auguratur
607 956 681 1024 fore
699 957 772 1023 sive
794 956 829 1023 in
851 955 971 1025 Africa
996 977 1057 1025 seu
1085 956 1120 1022 in
1144 955 1214 1024 alia

169 1071 288 1161 quavis
314 1071 468 1162 regione.
518 1070 572 1138 At
593 1069 660 1138 toti
686 1077 806 1138 tamen
833 1070 945 1138 aderit
970 1070 1065 1159 operi
1094 1091 1212 1160 super-

168 1185 264 1255 fusus
282 1184 424 1277 quidam
445 1184 543 1254 color
559 1188 634 1276 ejus
653 1184 817 1268 Naturae,
834 1208 915 1274 quae
939 1187 1098 1254 omnium
1124 1187 1214 1276 pari-

169 1310 220 1371 ter
237 1296 422 1394 regionum
442 1310 496 1370 est
514 1310 551 1370 et
568 1301 737 1370 locorum.
777 1299 904 1369 Aderit
922 1299 1085 1369 eaelornm
1106 1301 1213 1371 Solis-

169 1441 235 1508 que
262 1417 394 1499 lumen,
413 1419 527 1488 maris
557 1441 684 1508 aequor,
715 1417 779 1487 flos
808 1417 1005 1496 herbarum,
1036 1417 1212 1485 radiorum

169 1533 370 1624 umbraeque
395 1533 521 1602 alterni
552 1532 658 1603 lusus.
711 1533 769 1602 Ita
794 1532 866 1613 fiet,
894 1543 934 1600 ut
961 1556 981 1599 e
1007 1532 1152 1625 singulis
1177 1535 1214 1602 in

169 1650 329 1718 universa
355 1658 518 1718 excurrat
544 1650 692 1729 animus,
713 1671 803 1717 neve
825 1650 861 1716 in
887 1648 1012 1740 tiigido
1036 1670 1215 1716 moremur

169 1772 203 1832 et
222 1763 239 1854 j
258 1764 348 1855 juno
366 1765 462 1833 orbe.
514 1762 692 1833 Credibile
716 1771 781 1842 est,
799 1763 947 1830 eandem
970 1761 1044 1829 fore
1062 1761 1214 1831 Poeseos

169 1881 275 1949 etiam
297 1881 489 1951 rationem:
517 1903 645 1971 nempe
671 1881 722 1948 ita
749 1879 881 1948 laudari
900 1900 1000 1969 posse
1017 1901 1058 1947 ae
1077 1876 1214 1968 placere

169 2017 208 2064 ea
223 1996 390 2076 carmina,
408 2019 486 2086 quae
507 1998 542 2064 in
565 2019 645 2065 rure
670 2019 711 2064 ac
735 2005 861 2064 natura
887 2004 1079 2092 versantur,
1096 1995 1122 2063 si
1143 2016 1213 2061 non

169 2110 309 2200 penitus
327 2111 418 2180 desit
435 2133 555 2180 earum
581 2133 699 2179 rerum
720 2110 867 2179 obscura
884 2110 1043 2200 quamvis
1068 2110 1214 2190 mentio,

169 2247 244 2314 quae
271 2225 368 2292 omni
389 2247 470 2293 cum
494 2225 565 2293 sint
585 2235 757 2294 terrarum
780 2225 864 2294 orbe
891 2223 1037 2303 diffusae,
1056 2223 1214 2290 omnium

169 2338 299 2430 pariter
316 2362 539 2409 commovere
555 2340 670 2409 solent
688 2342 843 2409 animos:
867 2339 1031 2431 profundi
1049 2335 1215 2406 videlicet
1309 2348 1311 2352 “

170 2455 224 2525 vel
249 2455 390 2525 aetheris
412 2455 468 2524 vel
486 2454 630 2538 Oceani,
655 2457 855 2525 sonantium
882 2455 1067 2547 sylvarum,
1092 2451 1215 2543 liquidi

169 2593 339 2662 aquarum
357 2569 484 2662 lapsus.
537 2571 705 2662 Exempli
730 2570 807 2640 loco
826 2570 1042 2640 nobilissima
1058 2570 1105 2639 sit
1123 2568 1216 2659 apud

169 2683 283 2774 ipsum
302 2682 494 2776 Virgilium
521 2685 668 2774 pictura,
686 2684 811 2752 harum
830 2684 987 2752 omnium
1014 2704 1129 2750 rerum
1149 2679 1217 2749 Oo-

170 2798 355 2891 typhaeum
365 2793 392 2865 b.
532 2801 534 2804 ⁴

308 2944 358 2998 Est
370 2946 449 3000 etiam
460 2946 503 2999 ille
514 2948 602 3000 malus
616 2946 735 3000 Calabris
748 2948 776 3001 in
790 2946 902 3000 saltibus
914 2946 1019 3017 anguis,

311 3029 442 3101 Squamea
454 3033 614 3085 convolvens
627 3032 731 3085 sublato
744 3041 849 3102 pectore
861 3040 935 3101 terga

308 3116 398 3188 Atque
410 3118 481 3170 notis
493 3119 601 3187 longam
613 3119 765 3172 maculosus
777 3118 924 3188 grandibus
937 3119 1043 3172 alvum:

310 3201 375 3267 Qui,
389 3202 454 3280 dum
466 3222 558 3258 amnes
570 3205 618 3258 ulli
630 3214 793 3274 rumpuntur
806 3205 933 3269 fontibus,
947 3214 973 3259 et
986 3204 1051 3258 dum

309 3287 379 3342 Vere
390 3289 499 3343 madent
510 3290 566 3344 udo
577 3298 654 3344 terrae
666 3309 696 3344 ac
708 3291 869 3360 pluvialibus
882 3291 997 3354 Austris,

311 3374 412 3446 Stagna
423 3377 495 3440 colit,
507 3378 625 3448 ripisque
637 3377 769 3440 habitans,
782 3377 826 3431 hic
837 3377 956 3447 piscibus
969 3386 1053 3432 atram

312 3462 454 3536 improbus
467 3466 613 3535 ingluviem
625 3466 749 3537 ranisque
761 3465 917 3537 loquacibus
929 3467 1025 3536 explet.

311 3549 456 3623 Postquam
469 3561 562 3605 exusta
573 3554 658 3622 palus,
669 3561 798 3624 terraeque
810 3551 903 3605 ardore
915 3550 1064 3615 dehiscunt,

311 3637 393 3692 Exilit
404 3638 433 3690 in
445 3638 554 3701 siccum,
567 3647 593 3692 et
605 3638 767 3691 flammantia
778 3639 880 3691 lumina
890 3647 1017 3709 torquens

312 3722 393 3778 Soevit
406 3723 485 3793 agris,
498 3740 627 3793 asperque
639 3723 683 3777 siti
695 3731 774 3794 atque
785 3724 924 3777 exterritus
937 3731 1014 3778 estu.

170 3861 293 3932 Oculis
310 3862 470 3952 profecto
486 3862 604 3931 videre
618 3861 779 3930 videmur
794 3860 1019 3930 illabentem:
1041 3871 1082 3930 ut
1096 3886 1218 3931 verum

170 3985 290 4047 tamen
319 3977 442 4060 fatear,
469 3978 627 4046 desidero
659 3976 775 4046 adhuc
806 3976 949 4068 aliquid,
978 3979 1071 4069 quod
1098 3977 1219 4047 Poetae

576 4219 589 4254 l
604 4223 695 4292 Georp·
710 4239 736 4292 3.
750 4237 811 4292 425.
