2768 4876
167 341 256 383 rann.
269 341 363 382 xxxx.
399 338 552 383 sacomam
566 318 697 383 indolem
711 317 835 383 librator
848 320 1019 404 maimo.
1149 324 1214 391 595

170 491 351 562 Nimirum
369 491 505 563 facilius
522 493 662 563 videtur
679 492 865 586 Euripides
888 517 960 563 non
981 502 1120 564 tantum
1147 518 1218 577 ore,

167 607 260 698 quod
277 616 419 689 vocant,
436 607 597 689 rotundo,
617 631 737 678 verum
761 610 871 678 etiam
898 609 1069 679 diviniore
1095 617 1217 679 mente

168 722 330 804 caruisse,
346 745 455 813 quam
480 733 662 815 pateretur
678 724 870 815 quidquam
891 725 1049 794 deminui
1067 726 1112 795 de
1133 727 1219 794 sim-

169 837 260 930 phce
282 834 345 907 illa
369 846 408 907 et
433 838 529 908 nuda
551 860 667 907 rerum
692 840 860 910 veritate:
890 841 979 910 adeo
1001 849 1043 909 ut
1068 841 1114 911 da
1139 839 1218 908 uni-

170 977 268 1026 versa
293 956 370 1046 ejus
395 956 491 1047 poesi
517 979 589 1025 non
614 956 707 1025 male
733 956 880 1026 fortasse
907 958 1001 1027 dicat
1025 957 1162 1048 aliquis,
1181 958 1215 1025 id

168 1071 264 1162 quod
287 1071 335 1140 ab
357 1072 433 1163 ipso
455 1081 664 1142 excusatum
687 1072 794 1142 fuisse
814 1073 913 1142 aiunt
931 1074 976 1142 de
994 1073 1216 1142 foeminarum

169 1208 256 1277 quas
279 1187 317 1255 in
340 1209 483 1256 scenam
509 1187 644 1256 miserit
667 1186 805 1257 indole:
831 1187 1021 1278 aequales
1042 1195 1160 1257 essent
1178 1209 1216 1256 re

169 1325 210 1372 ac
227 1303 389 1384 veritate,
411 1302 588 1394 posuisse3
614 1300 839 1393 Sophoclem,
862 1301 983 1391 quales
1009 1323 1085 1370 esse
1110 1300 1217 1370 debe-

168 1425 259 1487 rent.

220 1531 330 1602 Porro
343 1534 391 1602 ad
407 1533 557 1603 eandem
575 1531 672 1602 illam
690 1532 849 1628 ipsicius
867 1532 1060 1623 pertinebit
1077 1531 1217 1623 Euripi-

168 1648 223 1718 dis
251 1648 364 1718 nostri
393 1671 487 1731 cura,
514 1670 621 1738 quam
650 1648 818 1717 eximiam
847 1648 977 1739 saepius
1007 1655 1148 1739 praestat
1179 1648 1215 1716 in

169 1763 210 1833 iis
234 1763 495 1845 adumbrandis,
512 1746 646 1855 quihus¹
663 1762 883 1854 potissimum
907 1763 1111 1834 continetur
1131 1785 1216 1854 pau-

170 1899 305 1969 perum,
322 1876 547 1959 famulorum,
567 1878 678 1946 immo
701 1898 882 1945 servorum
906 1877 1075 1946 conditio.
1129 1875 1215 1946 Nou

166 1994 246 2063 sine
262 1992 446 2085 voluptate
461 1993 615 2084 quadam
640 1991 838 2084 significare
858 1991 962 2074 solet,
979 2014 1018 2062 se
1041 2014 1123 2061 curn
1147 1992 1215 2061 isto

165 2129 298 2201 genere
319 2108 488 2199 majorem
513 2107 551 2176 in
575 2107 722 2176 modum
746 2106 878 2176 sentire
903 2130 1014 2199 posse.
1067 2104 1215 2177 Famula

167 2223 333 2293 videlicet
360 2222 636 2302 Andromaches,
665 2221 853 2303 attendite,
880 2221 1035 2303 obsecro,
1057 2244 1128 2313 quo
1154 2221 1214 2290 de-

166 2362 267 2410 mum
281 2341 402 2409 animo
419 2348 562 2431 propter
574 2360 653 2408 earn
671 2337 867 2430 periculum
885 2337 999 2407 adeat.
1034 2337 1214 2408 Renuerat

166 2456 293 2548 primo,
308 2453 426 2526 servili
444 2453 548 2546 plane
564 2476 628 2524 usa
645 2454 781 2523 ratione
792 2461 824 2522 ἰ

339 2591 463 2648 κίνδυνος·
480 2590 600 2662 Ἐρμιόνη
612 2591 663 2662 γὰρ
673 2591 705 2644 οὔ
713 2590 813 2660 πμικρΔ
825 2588 924 2660 φύλαξ.

165 2715 350 2788 Admoset
366 2715 493 2785 deinde
508 2713 671 2784 stimulos
688 2711 958 2782 Andromache:

339 2855 412 2924 ὁρᾷς·
428 2852 545 2922 ἇπωδζις
556 2851 585 2906 ἐν
597 2853 682 2907 κακοῖς
692 2849 803 2922 φίλοισι
814 2852 887 2912 coin

163 2967 257 3038 Tum
275 2966 420 3037 demum
437 2966 508 3048 illa,
525 2967 678 3058 ingenue
696 2985 855 3056 prorsus:

339 3104 373 3158 οὓ
385 3104 455 3173 δῆτα·
473 3102 553 3174 μηδὲν
564 3099 632 3156 τοῦτ’
645 3100 773 3169 duadicas-
785 3098 849 3170 ἐμοί,

166 3225 226 3296 Ita
250 3233 382 3305 tamen,
403 3232 444 3294 ut
468 3222 629 3293 nonnihil
651 3221 772 3304 addat,
789 3220 884 3314 quod
910 3220 1072 3290 servilem
1095 3223 1211 3314 sapiat

165 3340 342 3412 indolem:

337 3458 401 3514 ἄλλ’
414 3456 471 3529 εἶμ’,
484 3459 540 3514 ἐπεί
551 3481 591 3513 τοι
602 3460 648 3512 κοῦ
658 3457 902 3528 περῖβλιπτοςβῖος

340 3547 437 3616 doullie
446 3546 574 3619 waatxdr,
586 3549 617 3614 ἢν
629 3567 654 3600 τι
666 3545 708 3599 καὶ
718 3545 793 3600 πάθω
805 3546 890 3598 κακόν.

167 3669 297 3763 Ecquis
317 3679 479 3740 nostrum
504 3692 575 3740 non
599 3666 709 3738 semel
734 3667 934 3758 iterumque
960 3664 1105 3747 audivit,
1127 3688 1209 3734 cum

165 3786 254 3856 tales
281 3787 375 3855 inter
398 3807 437 3855 se
462 3783 622 3878 querelas
642 3785 823 3875 jactarent
852 3782 973 3874 inopes
999 3788 1036 3850 et
1060 3780 1209 3870 inquieti

165 3899 351 3972 homines?

213 4015 321 4100 Quid
337 4039 416 4107 quae
434 4015 518 4086 satis
534 4014 702 4084 audacter
719 4012 913 4084 efferuntur
928 4033 950 4080 a
965 4009 1092 4082 Thesei
1108 4033 1208 4083 servo

164 4128 209 4199 de
229 4129 427 4224 Hippolyto
453 4129 650 4201 moriente?
675 4151 793 4200 nonne
812 4135 856 4197 *et
881 4125 1083 4198 libertatem
1100 4150 1209 4219 quan·

606 4321 762 4376 ramas.

629 4433 657 4490 Q
675 4418 739 4504 qa
