2768 4876
163 358 259 400 rana.
278 358 368 400 xxax.
478 337 980 424 dapmmaasoerofoemiaeo.
1152 339 1218 405 603

161 508 306 579 Deinde
330 507 444 579 altum
470 509 515 580 de
540 533 584 580 ea
607 509 798 592 silentium,
819 533 932 602 usque
956 508 1108 580 eodum
1133 532 1214 601 pro·

165 628 250 696 deat
267 649 290 696 a
305 633 421 696 matre
438 635 594 710 evocata,
612 626 779 696 fratribus
798 627 905 695 modo
922 627 958 694 in
976 624 1084 695 fatale
1104 634 1219 696 certa-

165 763 250 811 men
277 741 455 812 accinctis.
507 741 589 824 Quo
610 750 771 833 tempore
796 749 913 810 servat
936 741 1131 811 etiamnum
1150 744 1219 812 vir-

165 857 286 950 ginale
302 856 391 926 illud
409 880 524 939 suum,
537 868 579 927 ut
596 856 756 950 religioni
774 857 904 927 habeat
922 857 1013 926 foras
1027 881 1047 927 e
1060 855 1218 926 thalamo

165 975 277 1057 exire,
294 972 485 1065 prasertim
505 973 622 1041 media
639 973 793 1042 virorum
810 973 886 1042 acie
896 967 918 1039 ί.

341 1108 437 1180 οίέγῶ,
450 1109 477 1163 τί
486 1108 580 1180 λε’ξεις,
592 1111 673 1179 μῆτερ
680 1131 689 1173 ;
708 1117 728 1163 1.
742 1109 773 1162 od
785 1109 853 1177 φίλ’,
865 1109 925 1162 ἀλλ’
939 1109 1012 1164 ἕπον.

299 1203 330 1250 Α.
342 1199 396 1259 ποῖ,
409 1195 572 1264 παρθενῶνας
583 1193 730 1259 ε’κλιτοῦσ’;
750 1203 770 1249 1.
784 1195 831 1248 ἀνά
843 1197 965 1264 στρατόν.

298 1290 331 1337 Α.
343 1280 472 1351 αἰδούμεθ’
485 1280 575 1351 ὄχλον.
613 1289 634 1334 1.
647 1282 693 1335 οὐκ
705 1281 733 1335 ἔν
743 1279 854 1350 αίσχῦνῃ
867 1282 899 1334 τά
912 1280 957 1335 σά.

298 1377 330 1422 A.
343 1366 433 1438 δράσω
445 1368 473 1421 δι’
485 1367 516 1435 δὴ
530 1367 572 1430 τίς
592 1375 612 1420 1.
625 1369 760 1439 σινγγόνων
771 1365 862 1423 λύσεις
873 1368 936 1438 ἔριν.

295 1463 327 1508 Α.
339 1455 366 1508 τί
378 1456 476 1524 δρῶσα,
488 1457 584 1524 pinam
604 1461 624 1506 1.
637 1452 826 1526 τροσπιτνοῦσ’
839 1453 902 1522 ε’μοῦ
913 1452 987 1523 μέτα.

298 1549 330 1595 Δ.
343 1539 407 1612 ἡγοῦ
420 1542 455 1595 σὺ
465 1542 531 1610 πρὸς
541 1539 680 1611 μεταίχμι’·
700 1542 730 1594 οὔ
741 1538 894 1610 μελλητέον.

166 1661 321 1735 Habetis
337 1664 477 1745 fortem,
491 1663 630 1733 habetis
647 1665 865 1757 patientem3
888 1665 940 1734 ita
957 1674 1077 1734 tamen
1095 1674 1135 1734 ut
1153 1689 1217 1758 per

166 1781 286 1849 omnia
302 1780 509 1850 foemineum
526 1782 645 1850 nescio
661 1781 745 1872 quid
764 1790 940 1873 appareat.
986 1779 1108 1851 Unum
1126 1781 1214 1852 illud

165 1896 303 1978 addam,
330 1905 368 1966 et
393 1898 565 1966 eximium
588 1899 750 1989 quidem3
782 1899 876 1989 quod
903 1899 940 1966 in
968 1897 1115 1966 exilium
1141 1897 1217 1967 abi-

164 2021 244 2082 tura
262 2035 342 2082 cum
362 2036 460 2083 coeco
484 2022 596 2104 patre.
614 2014 826 2106 deprecante
847 2013 919 2095 illo,
936 2036 981 2081 ne
999 2022 1074 2082 tam
1095 2013 1215 2083 subito

165 2138 267 2199 notus
284 2153 327 2198 ea
344 2128 480 2220 linquat
497 2130 659 2222 regiones
675 2138 713 2198 et
730 2138 843 2199 coetus
860 2130 1066 2213 amicorum,
1081 2130 1213 2198 nedum

166 2269 262 2316 sacra
279 2246 438 2316 Deorum
457 2245 663 2339 Indigetum
681 2245 758 2315 loca
770 2257 786 2303 t
797 2269 857 2328 ;-

309 2342 313 2347 ·
376 2371 411 2429 ἴθ’
423 2375 493 2428 ἀλλὰ
506 2377 616 2445 Βρόμιος
627 2371 668 2428 ἵνα
679 2396 710 2447 γε
724 2377 802 2444 αῆκος

375 2462 472 2527 άβατος
483 2461 558 2535 ὄρεσι
571 2463 756 2516 Μαινάδων·-

166 2573 237 2644 lilia
263 2574 396 2657 statim,
417 2576 587 2644 memoria
612 2576 771 2666 pueritiae
797 2577 894 2669 quasi
921 2575 966 2645 de
992 2575 1081 2646 caelo
1108 2583 1216 2656 tacta,

166 2689 355 2772 exclamet,

595 2787 724 2857 Καδμείαν
735 2783 756 2861 ᾧ

376 2871 481 2941 νεβρίδα
492 2873 708 2942 στολιδωσαμένα
719 2873 775 2928 ποτ’
789 2874 840 2945 ε’γῶ

376 2957 468 3012 θιάσον
479 2957 594 3027 Σεμέλας

375 3041 446 3114 ίερον
458 3043 547 3113 ὄρεσιν
558 3044 727 3116 ἀνεχόρευσα,

376 3131 453 3201 χάριν
464 3131 607 3202 ἀχάριστον
619 3132 655 3189 εἷς
667 3132 741 3189 θεοὺς
752 3132 869 3187 διδοῦσα.

167 3240 290 3344 Atque
316 3251 368 3321 ita
393 3253 547 3335 demum,
565 3276 647 3323 cum
661 3252 848 3346 OEdipode,
866 3255 911 3323 dc
932 3275 1037 3324 scena
1055 3254 1216 3342 discedit,

166 3369 238 3438 dux
259 3376 297 3436 et
314 3390 433 3438 comes
450 3370 482 3437 ei
501 3369 638 3439 futura:
668 3392 773 3460 quam
792 3370 820 3438 si
838 3368 893 3438 vel
916 3369 1025 3439 solam
1047 3370 1215 3441 adhibeat

166 3484 231 3553 sibi
260 3492 390 3553 testem
418 3483 616 3577 Euripides,
639 3484 786 3555 habebit
811 3486 970 3577 profecto
997 3508 1066 3576 quo
1091 3509 1128 3556 se
1153 3488 1215 3557 de-

166 3599 277 3670 claret
302 3622 375 3668 non
400 3600 540 3692 penitus
565 3601 725 3693 iniquum
747 3609 785 3670 et
806 3602 980 3671 infensum
1003 3625 1087 3695 erga
1109 3603 1215 3672 muli-

166 3736 254 3784 eres.

216 3829 335 3913 Quare
363 3828 485 3899 missas
512 3829 603 3899 facio
632 3829 865 3923 Iphigeniam,
886 3830 1083 3912 Alcestida,
1109 3838 1214 3900 caete-

165 3967 329 4037 reaque
354 3944 472 4038 plures
497 3945 534 4015 in
557 3945 648 4016 hanc
674 3956 811 4038 partem
836 3946 964 4017 adduci
990 3947 1142 4040 possint3
1169 3947 1215 4016 de

164 4084 236 4131 una
252 4060 437 4153 Polyxena
456 4084 570 4153 pauca
586 4063 693 4132 verba
713 4062 890 4134 facturus:
917 4072 1103 4156 propterca
1119 4062 1214 4153 quod

166 4199 289 4248 vereor
317 4185 360 4244 ut
389 4175 575 4269 Euripides
607 4179 644 4247 in
676 4202 718 4248 ea
750 4202 899 4271 persona
933 4181 1017 4250 satis
1051 4188 1134 4271 apte
1161 4200 1216 4248 re-

307 4342 418 4398 ¹Pdoea
435 4344 512 4414 1289.
622 4367 624 4371 ·
884 4344 980 4399 aloia
996 4342 1073 4414 1765.
