2768 4876
168 347 378 390 rannxxxvn.
466 347 537 389 rare
550 347 601 389 sao
615 345 718 388 carcre
733 324 940 408 ompotmisse.
1140 323 1202 386 755

208 497 341 567 Contra
369 519 441 565 non
468 496 607 576 desunt,
633 518 713 586 qnae
743 493 907 584 querulos
936 493 1121 560 imitentur
1147 488 1203 558 vel

165 612 285 681 vitium
320 609 377 680 vel
413 610 596 679 hortorum
632 607 795 689 cultores,
829 607 1031 677 molestiora
1061 603 1203 696 quidem

163 728 240 796 anni
258 735 420 818 tempore
431 722 458 794 ¹¹.

299 861 336 915 Iit
348 878 410 915 cum
422 862 508 914 tristis
519 860 612 931 hyems
625 860 771 914 etiamnum
783 859 881 929 frigore
893 876 956 912 saxa

301 948 455 1018 Rumperet,
468 957 493 1002 et
505 949 588 1018 glacie
601 965 695 1002 cursus
708 947 830 1001 fraenaret
842 963 979 1017 aquarum,

302 1031 350 1085 Ille
362 1050 466 1086 comam
478 1033 566 1087 mollis
574 1033 630 1102 jam
643 1031 770 1086 tondebat
782 1031 926 1099 hyacinthi,

300 1119 433 1173 AEstatem
445 1121 606 1189 increpitans
617 1137 709 1182 seram,
723 1117 911 1189 Zephyrosque
922 1123 1059 1170 morantes.

303 1244 610 1262 ..................
620 1204 628 1243 ¹
637 1205 693 1259 Ubi
704 1204 801 1275 pallida
813 1214 904 1274 surget

301 1289 411 1344 Tithoni
423 1309 547 1346 croceum
557 1292 681 1363 linquens
693 1292 799 1345 Aurora
811 1291 905 1354 cubile,

303 1377 362 1430 Heu
372 1378 508 1432 maletum
520 1379 594 1431 mdes
606 1376 729 1431 defendet
741 1377 882 1447 pampinus
894 1394 969 1439 uvas,

302 1462 370 1516 Tam
382 1463 467 1517 multa
478 1464 506 1516 in
518 1465 594 1518 tectis
607 1464 738 1534 crepitans
751 1464 811 1518 salit
823 1464 930 1517 torrida
942 1462 1053 1534 grando.

164 1583 285 1679 Fingit
315 1586 450 1657 scilicet
476 1589 530 1656 vir
560 1590 707 1681 agrestis
736 1589 974 1659 misericordia
997 1587 1145 1678 quadam
1174 1607 1211 1652 se

166 1701 286 1795 tangi;
307 1702 414 1794 plane
431 1705 529 1793 qnasi
547 1705 702 1773 sentiant
719 1704 860 1774 frondes
883 1713 919 1773 et
943 1727 1049 1794 poma
1070 1693 1211 1770 tractari

165 1837 201 1885 se
217 1817 378 1886 acerbius
395 1825 503 1909 atque
521 1819 707 1911 indignius.

215 1929 284 2000 His
305 1931 468 2002 omnibus
491 1933 750 2015 animadversis,
769 1958 839 2002 non
858 1936 924 2003 erit
943 1957 1004 2002 our
1026 1932 1212 2011 miremini,

167 2067 210 2114 ex
237 2045 298 2115 illa
324 2069 464 2138 qnoque
489 2057 589 2139 parte
616 2049 790 2120 laborasse
817 2049 1008 2143 Virgilium
1035 2048 1214 2116 communi

167 2160 397 2253 agricolarum
422 2162 564 2249 affectu,
582 2167 676 2257 quod
693 2167 839 2235 minime
858 2189 976 2236 carere
1001 2165 1118 2255 potuit
1144 2185 1215 2231 non

168 2275 281 2344 solum
298 2299 391 2358 rare,
409 2301 532 2347 verum
551 2280 659 2349 etiam
681 2303 864 2350 raresco:
894 2281 987 2372 quod
1014 2281 1153 2371 proprio
1179 2287 1216 2347 et

168 2393 343 2483 praecipuo
360 2414 480 2462 amore
497 2403 683 2485 patemum
702 2397 790 2464 adeo
808 2397 1031 2465 adamaverat
1048 2394 1215 2486 agellum,

168 2518 208 2575 ut
236 2507 334 2577 salvo
360 2531 412 2590 eo,
441 2508 576 2577 salvum
604 2532 640 2579 se
670 2510 827 2593 haberet,
853 2510 1001 2602 perdito,
1028 2511 1216 2601 perditum.

170 2619 297 2703 Quare,
324 2630 365 2690 ut
392 2621 562 2702 dicebam,
590 2622 677 2691 nihil
709 2623 813 2692 facile
842 2631 1033 2716 negaturus
1060 2630 1136 2690 erat
1165 2610 1217 2688 illi

170 2744 328 2826 patrono,
355 2737 415 2828 qui
445 2735 519 2805 solo
551 2760 614 2806 suo
646 2761 792 2807 munere
823 2739 975 2830 agellum
1007 2735 1218 2828 praestiterat

170 2849 404 2921 incolumem:
433 2852 505 2920 sive
522 2851 583 2921 ille
598 2852 783 2946 Augustus
800 2853 917 2933 fuerit,
935 2853 1018 2935 sive,
1033 2853 1127 2943 qnod
1145 2851 1218 2919 veri

170 2965 261 3034 forte
285 2966 444 3047 similius
464 2965 655 3037 Maecenas.
709 2968 745 3038 Is
768 2978 888 3038 antem
913 2990 1012 3038 amor
1029 2990 1134 3059 quam
1159 2988 1219 3057 pe-

170 3081 266 3150 nitus
295 3080 332 3149 in
356 3080 510 3172 Virgilio
541 3081 720 3165 insederit,
747 3085 951 3152 testimonio
982 3105 1057 3152 esse
1087 3081 1227 3173 poterit*

171 3195 230 3266 illa
257 3195 400 3289 Eologa,
427 3219 505 3287 quae
530 3199 658 3267 merito
686 3198 799 3290 prima
826 3198 997 3280 habetur3
1025 3207 1103 3266 tum
1130 3206 1220 3266 tem-

171 3311 265 3402 poris
290 3311 437 3394 ratione,
457 3311 553 3399 (nam
572 3321 708 3382 caeterae
733 3337 855 3383 omnes
877 3337 914 3384 se
937 3314 1020 3405 ipsae
1041 3309 1220 3382 declarant

172 3426 395 3507 recentiores,
422 3426 577 3518 excipias
599 3428 704 3497 modo
730 3430 919 3498 secundam
945 3437 982 3498 et
1007 3429 1219 3520 septimam)

172 3547 250 3607 tum
267 3539 434 3629 quoniam
453 3563 495 3608 ea
514 3563 621 3609 manu
639 3542 899 3631 quodammodo
919 3539 1017 3610 ducit
1034 3541 1078 3610 ad
1096 3539 1221 3608 intima

173 3653 271 3744 quasi
290 3652 499 3747 Virgilianae
526 3653 677 3726 Poeseos
703 3666 847 3726 secreta.
901 3656 1055 3736 Etenim,
1081 3657 1155 3724 sive
1177 3656 1221 3725 de

173 3790 209 3838 se
236 3768 419 3860 deplorare
446 3770 592 3862 eoeperit
615 3771 818 3852 Meliboeus,
843 3796 904 3842 seu
932 3771 1077 3840 feliciori
1104 3780 1224 3864 gratn-

174 3880 268 3952 letnr
294 3882 430 3975 Tityro,
448 3884 609 3955 videmus
631 3908 676 3954 ex
703 3885 776 3956 alto
802 3887 1015 3956 commoveri
1036 3884 1223 3978 Scriptoris

173 4000 341 4081 animum,
359 4023 475 4093 neque
493 4000 537 4070 de
559 4025 596 4072 re
620 4005 677 4096 agi
701 4003 770 4073 levi
794 4003 911 4094 aliqua
934 4027 975 4074 ao
1000 4002 1144 4084 ludicra,
1162 4003 1223 4071 sed

171 4113 291 4205 potius
320 4113 365 4182 de
391 4114 466 4183 vita
489 4115 597 4208 ipsius
623 4125 660 4186 et
684 4119 864 4212 sanguine.
919 4118 1078 4189 Obscura
1105 4117 1226 4187 videli-

280 4339 520 4414 1²(leory.4.135.
652 4424 674 4487 3
734 4426 756 4488 2
918 4346 1005 4399 iidid.
1023 4364 1044 4399 1.
1059 4344 1119 4412 446.

694 4439 714 4488 C
