<?xml version="1.0" encoding="UTF-8"?>
<!DOCTYPE html PUBLIC "-//W3C//DTD XHTML 1.0 Transitional//EN"
    "http://www.w3.org/TR/xhtml1/DTD/xhtml1-transitional.dtd">
<html xmlns="http://www.w3.org/1999/xhtml" xml:lang="en" lang="en">
 <head>
  <title>
</title>
<meta http-equiv="Content-Type" content="text/html;charset=utf-8" />
  <meta name='ocr-system' content='tesseract 3.04.00' />
  <meta name='ocr-capabilities' content='ocr_page ocr_carea ocr_par ocr_line ocrx_word'/>
</head>
<body>
  <div class='ocr_page' id='page_1' title='image "./depoeticaevimed00keblgoog_0409.png"; bbox 0 0 2768 4876; ppageno 0'>
   <div class='ocr_carea' id='block_1_1' title="bbox 167 300 1212 388">
    <p class='ocr_par' dir='ltr' id='par_1_1' title="bbox 167 300 1212 388">
     <span class='ocr_line' id='line_1_1' title="bbox 167 300 1212 388; baseline -0.007 -17"><span class='ocrx_word' id='word_1_1' title='bbox 167 308 231 372; x_wconf 81' lang='lat'>784</span> <span class='ocrx_word' id='word_1_2' title='bbox 324 302 501 388; x_wconf 72' lang='lat' dir='ltr'>Virgilium</span> <span class='ocrx_word' id='word_1_3' title='bbox 515 322 605 365; x_wconf 78' lang='lat' dir='ltr'>sacra</span> <span class='ocrx_word' id='word_1_4' title='bbox 619 322 677 364; x_wconf 75' lang='lat' dir='ltr'>twa</span> <span class='ocrx_word' id='word_1_5' title='bbox 693 321 750 364; x_wconf 77' lang='lat' dir='ltr'>esso</span> <span class='ocrx_word' id='word_1_6' title='bbox 765 300 973 364; x_wconf 66' lang='lat' dir='ltr'>commutatio.</span> <span class='ocrx_word' id='word_1_7' title='bbox 998 323 1093 363; x_wconf 77' lang='lat' dir='ltr'>rann.</span> <span class='ocrx_word' id='word_1_8' title='bbox 1108 323 1212 364; x_wconf 83' lang='lat' dir='ltr'>xxxrx.</span> 
     </span>
    </p>
   </div>
   <div class='ocr_carea' id='block_1_2' title="bbox 165 468 1216 1375">
    <p class='ocr_par' dir='ltr' id='par_1_2' title="bbox 165 468 1216 1375">
     <span class='ocr_line' id='line_1_2' title="bbox 165 468 1214 562; baseline -0.003 -23"><span class='ocrx_word' id='word_1_9' title='bbox 165 494 186 539; x_wconf 92' lang='lat' dir='ltr'>a</span> <span class='ocrx_word' id='word_1_10' title='bbox 204 470 351 562; x_wconf 87' lang='lat' dir='ltr'>posteris</span> <span class='ocrx_word' id='word_1_11' title='bbox 369 471 452 539; x_wconf 86' lang='lat' dir='ltr'>suis.</span> <span class='ocrx_word' id='word_1_12' title='bbox 504 468 647 540; x_wconf 84' lang='lat' dir='ltr'>Videtis</span> <span class='ocrx_word' id='word_1_13' title='bbox 673 471 708 538; x_wconf 93' lang='lat' dir='ltr'>in</span> <span class='ocrx_word' id='word_1_14' title='bbox 731 478 881 561; x_wconf 90' lang='lat' dir='ltr'>utroque</span> <span class='ocrx_word' id='word_1_15' title='bbox 905 471 1061 540; x_wconf 79' lang='lat' dir='ltr'>carmine</span> <span class='ocrx_word' id='word_1_16' title='bbox 1080 469 1177 560; x_wconf 87' lang='lat' dir='ltr'>tangi</span> <span class='ocrx_word' id='word_1_17' title='bbox 1194 490 1214 537; x_wconf 87' lang='lat' dir='ltr'>a</span> 
     </span>
     <span class='ocr_line' id='line_1_3' title="bbox 166 584 1214 678; baseline -0.003 -22"><span class='ocrx_word' id='word_1_18' title='bbox 166 586 346 678; x_wconf 82' lang='lat' dir='ltr'>Scriptore</span> <span class='ocrx_word' id='word_1_19' title='bbox 365 608 435 653; x_wconf 92' lang='lat' dir='ltr'>non</span> <span class='ocrx_word' id='word_1_20' title='bbox 459 584 574 654; x_wconf 88' lang='lat' dir='ltr'>levem</span> <span class='ocrx_word' id='word_1_21' title='bbox 596 584 750 676; x_wconf 82' lang='lat' dir='ltr'><strong>aliquam</strong></span> <span class='ocrx_word' id='word_1_22' title='bbox 771 608 857 668; x_wconf 90' lang='lat' dir='ltr'>rem,</span> <span class='ocrx_word' id='word_1_23' title='bbox 879 587 941 656; x_wconf 87' lang='lat' dir='ltr'>sed</span> <span class='ocrx_word' id='word_1_24' title='bbox 967 587 1085 677; x_wconf 91' lang='lat' dir='ltr'>ipsum</span> <span class='ocrx_word' id='word_1_25' title='bbox 1109 593 1214 677; x_wconf 89' lang='lat' dir='ltr'>caput</span> 
     </span>
     <span class='ocr_line' id='line_1_4' title="bbox 165 702 1216 796; baseline -0.001 -25"><span class='ocrx_word' id='word_1_26' title='bbox 165 726 206 771; x_wconf 87' lang='lat' dir='ltr'>ac</span> <span class='ocrx_word' id='word_1_27' title='bbox 224 724 398 771; x_wconf 89' lang='lat' dir='ltr'>summam</span> <span class='ocrx_word' id='word_1_28' title='bbox 417 702 570 793; x_wconf 89' lang='lat' dir='ltr'>suscepti</span> <span class='ocrx_word' id='word_1_29' title='bbox 589 703 715 793; x_wconf 89' lang='lat' dir='ltr'>operis.</span> <span class='ocrx_word' id='word_1_30' title='bbox 770 702 960 783; x_wconf 87' lang='lat' dir='ltr'><strong>Nimirum,</strong></span> <span class='ocrx_word' id='word_1_31' title='bbox 975 703 1020 772; x_wconf 91' lang='lat' dir='ltr'>ad</span> <span class='ocrx_word' id='word_1_32' title='bbox 1040 702 1216 796; x_wconf 79' lang='lat' dir='ltr'>Georgica</span> 
     </span>
     <span class='ocr_line' id='line_1_5' title="bbox 166 818 1216 911; baseline -0.001 -24"><span class='ocrx_word' id='word_1_33' title='bbox 166 819 259 909; x_wconf 88' lang='lat' dir='ltr'>qnod</span> <span class='ocrx_word' id='word_1_34' title='bbox 281 819 421 899; x_wconf 80' lang='lat' dir='ltr'>attinet,</span> <span class='ocrx_word' id='word_1_35' title='bbox 440 819 499 908; x_wconf 93' lang='lat' dir='ltr'>qui</span> <span class='ocrx_word' id='word_1_36' title='bbox 519 819 671 910; x_wconf 86' lang='lat' dir='ltr'>Spiritus</span> <span class='ocrx_word' id='word_1_37' title='bbox 692 840 775 910; x_wconf 88' lang='lat' dir='ltr'>apes</span> <span class='ocrx_word' id='word_1_38' title='bbox 798 818 953 911; x_wconf 84' lang='lat' dir='ltr'>regebat,</span> <span class='ocrx_word' id='word_1_39' title='bbox 972 820 1067 889; x_wconf 91' lang='lat' dir='ltr'>idem</span> <span class='ocrx_word' id='word_1_40' title='bbox 1096 827 1216 888; x_wconf 89' lang='lat' dir='ltr'>sancta</span> 
     </span>
     <span class='ocr_line' id='line_1_6' title="bbox 166 932 1214 1023; baseline -0.004 -20"><span class='ocrx_word' id='word_1_41' title='bbox 166 957 228 1004; x_wconf 90' lang='lat' dir='ltr'>sua</span> <span class='ocrx_word' id='word_1_42' title='bbox 254 944 291 1002; x_wconf 88' lang='lat' dir='ltr'>et</span> <span class='ocrx_word' id='word_1_43' title='bbox 317 956 443 1003; x_wconf 89' lang='lat' dir='ltr'>arcana</span> <span class='ocrx_word' id='word_1_44' title='bbox 473 934 507 1000; x_wconf 91' lang='lat' dir='ltr'>vi</span> <span class='ocrx_word' id='word_1_45' title='bbox 536 932 786 1001; x_wconf 85' lang='lat' dir='ltr'>informaturus</span> <span class='ocrx_word' id='word_1_46' title='bbox 812 940 886 1001; x_wconf 89' lang='lat' dir='ltr'>erat</span> <span class='ocrx_word' id='word_1_47' title='bbox 913 939 1044 1002; x_wconf 86' lang='lat' dir='ltr'>caetera</span> <span class='ocrx_word' id='word_1_48' title='bbox 1075 955 1214 1023; x_wconf 89' lang='lat' dir='ltr'>quoquc</span> 
     </span>
     <span class='ocr_line' id='line_1_7' title="bbox 167 1047 1216 1141; baseline -0.002 -25"><span class='ocrx_word' id='word_1_49' title='bbox 167 1052 294 1129; x_wconf 88' lang='lat' dir='ltr'>omnia,</span> <span class='ocrx_word' id='word_1_50' title='bbox 322 1050 532 1141; x_wconf 81' lang='lat' dir='ltr'>quibuscum</span> <span class='ocrx_word' id='word_1_51' title='bbox 563 1050 655 1117; x_wconf 89' lang='lat' dir='ltr'>inter</span> <span class='ocrx_word' id='word_1_52' title='bbox 682 1072 762 1117; x_wconf 89' lang='lat' dir='ltr'>rura</span> <span class='ocrx_word' id='word_1_53' title='bbox 788 1072 828 1117; x_wconf 91' lang='lat' dir='ltr'>ac</span> <span class='ocrx_word' id='word_1_54' title='bbox 856 1048 971 1140; x_wconf 87' lang='lat' dir='ltr'>sylvas</span> <span class='ocrx_word' id='word_1_55' title='bbox 997 1047 1216 1117; x_wconf 80' lang='lat' dir='ltr'>familiariter</span> 
     </span>
     <span class='ocr_line' id='line_1_8' title="bbox 168 1164 1214 1260; baseline -0.003 -27"><span class='ocrx_word' id='word_1_56' title='bbox 168 1169 291 1236; x_wconf 84' lang='lat' dir='ltr'>vivunt</span> <span class='ocrx_word' id='word_1_57' title='bbox 322 1167 507 1260; x_wconf 86' lang='lat' dir='ltr'>agricolae:</span> <span class='ocrx_word' id='word_1_58' title='bbox 543 1188 588 1234; x_wconf 86' lang='lat' dir='ltr'>ex</span> <span class='ocrx_word' id='word_1_59' title='bbox 619 1188 688 1255; x_wconf 91' lang='lat' dir='ltr'>quo</span> <span class='ocrx_word' id='word_1_60' title='bbox 719 1166 754 1233; x_wconf 89' lang='lat' dir='ltr'>id</span> <span class='ocrx_word' id='word_1_61' title='bbox 784 1165 902 1234; x_wconf 91' lang='lat' dir='ltr'>statim</span> <span class='ocrx_word' id='word_1_62' title='bbox 930 1164 1031 1244; x_wconf 84' lang='lat' dir='ltr'>effici,</span> <span class='ocrx_word' id='word_1_63' title='bbox 1059 1165 1154 1255; x_wconf 89' lang='lat' dir='ltr'>quod</span> <span class='ocrx_word' id='word_1_64' title='bbox 1180 1164 1214 1231; x_wconf 92' lang='lat' dir='ltr'>in</span> 
     </span>
     <span class='ocr_line' id='line_1_9' title="bbox 168 1280 886 1375; baseline -0.003 -24"><span class='ocrx_word' id='word_1_65' title='bbox 168 1283 288 1375; x_wconf 88' lang='lat' dir='ltr'>Elysio</span> <span class='ocrx_word' id='word_1_66' title='bbox 306 1307 369 1353; x_wconf 91' lang='lat' dir='ltr'>suo</span> <span class='ocrx_word' id='word_1_67' title='bbox 388 1291 573 1373; x_wconf 83' lang='lat' dir='ltr'>tantopere</span> <span class='ocrx_word' id='word_1_68' title='bbox 592 1280 713 1351; x_wconf 88' lang='lat' dir='ltr'>laudat</span> <span class='ocrx_word' id='word_1_69' title='bbox 732 1280 886 1351; x_wconf 73' lang='lat' dir='ltr'>Poeta‘:</span> 
     </span>
    </p>
   </div>
   <div class='ocr_carea' id='block_1_3' title="bbox 308 1443 988 1603">
    <p class='ocr_par' dir='ltr' id='par_1_3' title="bbox 308 1443 988 1603">
     <span class='ocr_line' id='line_1_10' title="bbox 308 1443 934 1514; baseline -0.006 -16"><span class='ocrx_word' id='word_1_70' title='bbox 308 1445 419 1514; x_wconf 80' lang='lat' dir='ltr'>Largior</span> <span class='ocrx_word' id='word_1_71' title='bbox 431 1445 474 1498; x_wconf 91' lang='lat' dir='ltr'>hic</span> <span class='ocrx_word' id='word_1_72' title='bbox 488 1461 596 1514; x_wconf 89' lang='lat' dir='ltr'>campos</span> <span class='ocrx_word' id='word_1_73' title='bbox 611 1443 694 1498; x_wconf 84' lang='lat' dir='ltr'>aether</span> <span class='ocrx_word' id='word_1_74' title='bbox 706 1452 731 1496; x_wconf 85' lang='lat' dir='ltr'>et</span> <span class='ocrx_word' id='word_1_75' title='bbox 742 1443 844 1496; x_wconf 90' lang='lat' dir='ltr'>lumine</span> <span class='ocrx_word' id='word_1_76' title='bbox 857 1443 934 1497; x_wconf 86' lang='lat' dir='ltr'>vestit</span> 
     </span>
     <span class='ocr_line' id='line_1_11' title="bbox 309 1528 988 1603; baseline -0.006 -18"><span class='ocrx_word' id='word_1_77' title='bbox 309 1531 457 1601; x_wconf 88' lang='lat' dir='ltr'>Purpureo,</span> <span class='ocrx_word' id='word_1_78' title='bbox 470 1533 606 1603; x_wconf 87' lang='lat' dir='ltr'>solemque</span> <span class='ocrx_word' id='word_1_79' title='bbox 619 1549 708 1593; x_wconf 89' lang='lat' dir='ltr'>suum,</span> <span class='ocrx_word' id='word_1_80' title='bbox 722 1548 770 1584; x_wconf 88' lang='lat' dir='ltr'>sua</span> <span class='ocrx_word' id='word_1_81' title='bbox 783 1528 870 1584; x_wconf 88' lang='lat' dir='ltr'>sidera</span> <span class='ocrx_word' id='word_1_82' title='bbox 881 1537 988 1582; x_wconf 87' lang='lat' dir='ltr'>norunt.</span> 
     </span>
    </p>
   </div>
   <div class='ocr_carea' id='block_1_4' title="bbox 163 1667 1217 4052">
    <p class='ocr_par' dir='ltr' id='par_1_4' title="bbox 166 1667 1216 1993">
     <span class='ocr_line' id='line_1_12' title="bbox 168 1667 1215 1761; baseline -0.003 -25"><span class='ocrx_word' id='word_1_83' title='bbox 168 1668 269 1737; x_wconf 91' lang='lat' dir='ltr'>Nihil</span> <span class='ocrx_word' id='word_1_84' title='bbox 291 1668 451 1761; x_wconf 91' lang='lat' dir='ltr'>profecto</span> <span class='ocrx_word' id='word_1_85' title='bbox 478 1692 547 1739; x_wconf 92' lang='lat' dir='ltr'>nou</span> <span class='ocrx_word' id='word_1_86' title='bbox 575 1680 612 1738; x_wconf 90' lang='lat' dir='ltr'>et</span> <span class='ocrx_word' id='word_1_87' title='bbox 637 1668 818 1761; x_wconf 79' lang='lat' dir='ltr'>pulchrius</span> <span class='ocrx_word' id='word_1_88' title='bbox 844 1668 950 1748; x_wconf 91' lang='lat' dir='ltr'>lucet,</span> <span class='ocrx_word' id='word_1_89' title='bbox 968 1676 1007 1735; x_wconf 90' lang='lat' dir='ltr'>et</span> <span class='ocrx_word' id='word_1_90' title='bbox 1034 1667 1215 1757; x_wconf 90' lang='lat' dir='ltr'>potentius</span> 
     </span>
     <span class='ocr_line' id='line_1_13' title="bbox 166 1784 1216 1876; baseline -0.005 -22"><span class='ocrx_word' id='word_1_91' title='bbox 166 1796 369 1856; x_wconf 87' lang='lat' dir='ltr'>commovet</span> <span class='ocrx_word' id='word_1_92' title='bbox 387 1787 532 1869; x_wconf 86' lang='lat' dir='ltr'>animos,</span> <span class='ocrx_word' id='word_1_93' title='bbox 551 1787 673 1856; x_wconf 87' lang='lat' dir='ltr'>addito</span> <span class='ocrx_word' id='word_1_94' title='bbox 698 1784 808 1855; x_wconf 90' lang='lat' dir='ltr'>semel</span> <span class='ocrx_word' id='word_1_95' title='bbox 827 1785 973 1876; x_wconf 89' lang='lat' dir='ltr'>augurio</span> <span class='ocrx_word' id='word_1_96' title='bbox 992 1784 1148 1875; x_wconf 92' lang='lat' dir='ltr'>quodam</span> <span class='ocrx_word' id='word_1_97' title='bbox 1167 1785 1216 1852; x_wconf 90' lang='lat' dir='ltr'>di-</span> 
     </span>
     <span class='ocr_line' id='line_1_14' title="bbox 167 1901 1160 1993; baseline 0.003 -27"><span class='ocrx_word' id='word_1_98' title='bbox 167 1902 325 1971; x_wconf 88' lang='lat' dir='ltr'>vinitatis</span> <span class='ocrx_word' id='word_1_99' title='bbox 342 1903 436 1971; x_wconf 90' lang='lat' dir='ltr'>omni</span> <span class='ocrx_word' id='word_1_100' title='bbox 457 1910 558 1993; x_wconf 88' lang='lat' dir='ltr'>parte</span> <span class='ocrx_word' id='word_1_101' title='bbox 576 1901 722 1970; x_wconf 82' lang='lat' dir='ltr'>diffusas.</span> <span class='ocrx_word' id='word_1_102' title='bbox 1158 1908 1160 1912; x_wconf 81' lang='grc'>’</span> 
     </span>
    </p>

    <p class='ocr_par' dir='ltr' id='par_1_5' title="bbox 163 2014 1217 4052">
     <span class='ocr_line' id='line_1_15' title="bbox 216 2014 1216 2106; baseline -0.002 -22"><span class='ocrx_word' id='word_1_103' title='bbox 216 2017 298 2085; x_wconf 88' lang='lat' dir='ltr'>Jam</span> <span class='ocrx_word' id='word_1_104' title='bbox 334 2027 455 2087; x_wconf 88' lang='lat' dir='ltr'>autem</span> <span class='ocrx_word' id='word_1_105' title='bbox 492 2017 598 2087; x_wconf 91' lang='lat' dir='ltr'>solius</span> <span class='ocrx_word' id='word_1_106' title='bbox 626 2017 746 2086; x_wconf 84' lang='lat' dir='ltr'>AEncae</span> <span class='ocrx_word' id='word_1_107' title='bbox 781 2017 939 2085; x_wconf 86' lang='lat' dir='ltr'>fortunas</span> <span class='ocrx_word' id='word_1_108' title='bbox 973 2014 1042 2084; x_wconf 91' lang='lat' dir='ltr'>alia</span> <span class='ocrx_word' id='word_1_109' title='bbox 1078 2038 1216 2106; x_wconf 89' lang='lat' dir='ltr'>prorsus</span> 
     </span>
     <span class='ocr_line' id='line_1_16' title="bbox 166 2131 1214 2224; baseline -0.002 -25"><span class='ocrx_word' id='word_1_110' title='bbox 166 2142 287 2202; x_wconf 89' lang='lat' dir='ltr'>mente</span> <span class='ocrx_word' id='word_1_111' title='bbox 304 2133 596 2224; x_wconf 89' lang='lat' dir='ltr'>contemplamur,</span> <span class='ocrx_word' id='word_1_112' title='bbox 608 2132 677 2202; x_wconf 91' lang='lat' dir='ltr'>alia</span> <span class='ocrx_word' id='word_1_113' title='bbox 690 2133 764 2223; x_wconf 90' lang='lat' dir='ltr'>ejus</span> <span class='ocrx_word' id='word_1_114' title='bbox 778 2133 853 2214; x_wconf 86' lang='lat' dir='ltr'>viri,</span> <span class='ocrx_word' id='word_1_115' title='bbox 866 2154 935 2223; x_wconf 90' lang='lat' dir='ltr'>quo</span> <span class='ocrx_word' id='word_1_116' title='bbox 952 2153 1024 2199; x_wconf 89' lang='lat' dir='ltr'>uno</span> <span class='ocrx_word' id='word_1_117' title='bbox 1042 2131 1214 2199; x_wconf 88' lang='lat' dir='ltr'>contineri</span> 
     </span>
     <span class='ocr_line' id='line_1_17' title="bbox 166 2248 1217 2342; baseline 0.001 -27"><span class='ocrx_word' id='word_1_118' title='bbox 166 2249 397 2342; x_wconf 85' lang='lat' dir='ltr'>intelligimus</span> <span class='ocrx_word' id='word_1_119' title='bbox 415 2250 614 2319; x_wconf 90' lang='lat' dir='ltr'>universam</span> <span class='ocrx_word' id='word_1_120' title='bbox 637 2248 735 2318; x_wconf 90' lang='lat' dir='ltr'>illam</span> <span class='ocrx_word' id='word_1_121' title='bbox 759 2249 907 2317; x_wconf 89' lang='lat' dir='ltr'>heroum</span> <span class='ocrx_word' id='word_1_122' title='bbox 932 2255 1147 2339; x_wconf 88' lang='lat' dir='ltr'>patrumque</span> <span class='ocrx_word' id='word_1_123' title='bbox 1165 2270 1217 2316; x_wconf 90' lang='lat' dir='ltr'>se-</span> 
     </span>
     <span class='ocr_line' id='line_1_18' title="bbox 167 2363 1216 2457; baseline 0 -25"><span class='ocrx_word' id='word_1_124' title='bbox 167 2366 273 2434; x_wconf 87' lang='lat' dir='ltr'>riem:</span> <span class='ocrx_word' id='word_1_125' title='bbox 298 2388 403 2456; x_wconf 88' lang='lat' dir='ltr'>quem</span> <span class='ocrx_word' id='word_1_126' title='bbox 423 2389 525 2456; x_wconf 89' lang='lat' dir='ltr'>porro</span> <span class='ocrx_word' id='word_1_127' title='bbox 543 2366 701 2457; x_wconf 86' lang='lat' dir='ltr'>graviore</span> <span class='ocrx_word' id='word_1_128' title='bbox 719 2364 836 2455; x_wconf 91' lang='lat' dir='ltr'>aliquo</span> <span class='ocrx_word' id='word_1_129' title='bbox 851 2363 979 2433; x_wconf 85' lang='lat' dir='ltr'>affectu</span> <span class='ocrx_word' id='word_1_130' title='bbox 999 2386 1216 2454; x_wconf 90' lang='lat' dir='ltr'>prosequun-</span> 
     </span>
     <span class='ocr_line' id='line_1_19' title="bbox 167 2478 1215 2570; baseline -0.001 -22"><span class='ocrx_word' id='word_1_131' title='bbox 167 2490 225 2548; x_wconf 90' lang='lat' dir='ltr'>tur</span> <span class='ocrx_word' id='word_1_132' title='bbox 242 2504 312 2549; x_wconf 91' lang='lat' dir='ltr'>non</span> <span class='ocrx_word' id='word_1_133' title='bbox 333 2481 499 2550; x_wconf 87' lang='lat' dir='ltr'>mortales</span> <span class='ocrx_word' id='word_1_134' title='bbox 518 2482 633 2561; x_wconf 86' lang='lat' dir='ltr'>modu,</span> <span class='ocrx_word' id='word_1_135' title='bbox 652 2503 774 2549; x_wconf 90' lang='lat' dir='ltr'>verum</span> <span class='ocrx_word' id='word_1_136' title='bbox 793 2481 901 2548; x_wconf 89' lang='lat' dir='ltr'>etiam</span> <span class='ocrx_word' id='word_1_137' title='bbox 921 2478 980 2547; x_wconf 91' lang='lat' dir='ltr'>Dii</span> <span class='ocrx_word' id='word_1_138' title='bbox 1000 2490 1075 2548; x_wconf 90' lang='lat' dir='ltr'>tam</span> <span class='ocrx_word' id='word_1_139' title='bbox 1090 2478 1215 2570; x_wconf 83' lang='lat' dir='ltr'>Superi</span> 
     </span>
     <span class='ocr_line' id='line_1_20' title="bbox 166 2596 1215 2687; baseline -0.001 -24"><span class='ocrx_word' id='word_1_140' title='bbox 166 2619 270 2685; x_wconf 86' lang='lat' dir='ltr'>quam</span> <span class='ocrx_word' id='word_1_141' title='bbox 305 2596 447 2664; x_wconf 86' lang='lat' dir='ltr'>Inferni.</span> <span class='ocrx_word' id='word_1_142' title='bbox 502 2598 629 2680; x_wconf 78' lang='lat' dir='ltr'>Quare,</span> <span class='ocrx_word' id='word_1_143' title='bbox 661 2598 718 2687; x_wconf 92' lang='lat' dir='ltr'>qui</span> <span class='ocrx_word' id='word_1_144' title='bbox 755 2598 791 2663; x_wconf 89' lang='lat' dir='ltr'>iu</span> <span class='ocrx_word' id='word_1_145' title='bbox 822 2597 888 2664; x_wconf 89' lang='lat' dir='ltr'>hoc</span> <span class='ocrx_word' id='word_1_146' title='bbox 919 2597 1063 2687; x_wconf 84' lang='lat' dir='ltr'>negotio</span> <span class='ocrx_word' id='word_1_147' title='bbox 1095 2596 1215 2663; x_wconf 89' lang='lat' dir='ltr'>existi·</span> 
     </span>
     <span class='ocr_line' id='line_1_21' title="bbox 166 2710 1216 2804; baseline 0 -26"><span class='ocrx_word' id='word_1_148' title='bbox 166 2724 265 2780; x_wconf 89' lang='lat' dir='ltr'>mant</span> <span class='ocrx_word' id='word_1_149' title='bbox 286 2713 431 2781; x_wconf 86' lang='lat' dir='ltr'>Poctam</span> <span class='ocrx_word' id='word_1_150' title='bbox 454 2713 559 2782; x_wconf 83' lang='lat' dir='ltr'>verba</span> <span class='ocrx_word' id='word_1_151' title='bbox 586 2715 668 2782; x_wconf 89' lang='lat' dir='ltr'>dare</span> <span class='ocrx_word' id='word_1_152' title='bbox 695 2713 894 2792; x_wconf 88' lang='lat' dir='ltr'>lectoribus,</span> <span class='ocrx_word' id='word_1_153' title='bbox 921 2711 1124 2804; x_wconf 84' lang='lat' dir='ltr'>intelligant</span> <span class='ocrx_word' id='word_1_154' title='bbox 1151 2710 1216 2780; x_wconf 89' lang='lat' dir='ltr'>sal-</span> 
     </span>
     <span class='ocr_line' id='line_1_22' title="bbox 167 2827 1214 2919; baseline -0.002 -23"><span class='ocrx_word' id='word_1_155' title='bbox 167 2837 239 2896; x_wconf 88' lang='lat' dir='ltr'>tem</span> <span class='ocrx_word' id='word_1_156' title='bbox 263 2829 379 2910; x_wconf 84' lang='lat' dir='ltr'>velim,</span> <span class='ocrx_word' id='word_1_157' title='bbox 401 2830 483 2919; x_wconf 89' lang='lat' dir='ltr'>quid</span> <span class='ocrx_word' id='word_1_158' title='bbox 511 2851 593 2897; x_wconf 91' lang='lat' dir='ltr'>eum</span> <span class='ocrx_word' id='word_1_159' title='bbox 619 2838 804 2897; x_wconf 85' lang='lat' dir='ltr'>accusent:</span> <span class='ocrx_word' id='word_1_160' title='bbox 833 2851 903 2896; x_wconf 90' lang='lat' dir='ltr'>non</span> <span class='ocrx_word' id='word_1_161' title='bbox 926 2827 1114 2896; x_wconf 85' lang='lat' dir='ltr'>levicolam</span> <span class='ocrx_word' id='word_1_162' title='bbox 1142 2850 1214 2895; x_wconf 88' lang='lat' dir='ltr'>rem</span> 
     </span>
     <span class='ocr_line' id='line_1_23' title="bbox 166 2945 1217 3036; baseline -0.002 -23"><span class='ocrx_word' id='word_1_163' title='bbox 166 2968 250 3026; x_wconf 82' lang='lat' dir='ltr'>esso,</span> <span class='ocrx_word' id='word_1_164' title='bbox 278 2945 338 3013; x_wconf 89' lang='lat' dir='ltr'>sed</span> <span class='ocrx_word' id='word_1_165' title='bbox 366 2947 538 3033; x_wconf 83' lang='lat' dir='ltr'>ejusmodi</span> <span class='ocrx_word' id='word_1_166' title='bbox 563 2947 689 3036; x_wconf 85' lang='lat' dir='ltr'>potius,</span> <span class='ocrx_word' id='word_1_167' title='bbox 716 2946 751 3012; x_wconf 93' lang='lat' dir='ltr'>iu</span> <span class='ocrx_word' id='word_1_168' title='bbox 776 2968 846 3035; x_wconf 90' lang='lat' dir='ltr'>qua</span> <span class='ocrx_word' id='word_1_169' title='bbox 871 2952 1029 3012; x_wconf 89' lang='lat' dir='ltr'>vertatur</span> <span class='ocrx_word' id='word_1_170' title='bbox 1054 2945 1217 3011; x_wconf 89' lang='lat' dir='ltr'>universa</span> 
     </span>
     <span class='ocr_line' id='line_1_24' title="bbox 165 3059 1216 3154; baseline -0.001 -27"><span class='ocrx_word' id='word_1_171' title='bbox 165 3084 235 3128; x_wconf 90' lang='lat' dir='ltr'>non</span> <span class='ocrx_word' id='word_1_172' title='bbox 263 3062 367 3130; x_wconf 90' lang='lat' dir='ltr'>modo</span> <span class='ocrx_word' id='word_1_173' title='bbox 392 3060 534 3154; x_wconf 89' lang='lat' dir='ltr'>Virgilii</span> <span class='ocrx_word' id='word_1_174' title='bbox 564 3061 667 3143; x_wconf 89' lang='lat' dir='ltr'>fama,</span> <span class='ocrx_word' id='word_1_175' title='bbox 692 3083 814 3129; x_wconf 90' lang='lat' dir='ltr'>verum</span> <span class='ocrx_word' id='word_1_176' title='bbox 845 3061 953 3129; x_wconf 90' lang='lat' dir='ltr'>etiam</span> <span class='ocrx_word' id='word_1_177' title='bbox 983 3059 1034 3128; x_wconf 92' lang='lat' dir='ltr'>rei</span> <span class='ocrx_word' id='word_1_178' title='bbox 1065 3060 1216 3151; x_wconf 88' lang='lat' dir='ltr'>poeticae</span> 
     </span>
     <span class='ocr_line' id='line_1_25' title="bbox 165 3177 1217 3269; baseline 0 -25"><span class='ocrx_word' id='word_1_179' title='bbox 165 3178 327 3268; x_wconf 75' lang='lat' dir='ltr'>dignitas.</span> <span class='ocrx_word' id='word_1_180' title='bbox 360 3177 631 3267; x_wconf 84' lang='lat' dir='ltr'>Quemquamne</span> <span class='ocrx_word' id='word_1_181' title='bbox 643 3177 818 3258; x_wconf 85' lang='lat' dir='ltr'>videlicet,</span> <span class='ocrx_word' id='word_1_182' title='bbox 830 3179 983 3269; x_wconf 89' lang='lat' dir='ltr'>ingenua</span> <span class='ocrx_word' id='word_1_183' title='bbox 996 3186 1118 3244; x_wconf 92' lang='lat' dir='ltr'>mente</span> <span class='ocrx_word' id='word_1_184' title='bbox 1132 3199 1217 3268; x_wconf 86' lang='lat' dir='ltr'>prae·</span> 
     </span>
     <span class='ocr_line' id='line_1_26' title="bbox 165 3292 1216 3384; baseline -0.001 -24"><span class='ocrx_word' id='word_1_185' title='bbox 165 3294 288 3375; x_wconf 69' lang='lat' dir='ltr'>clitum,</span> <span class='ocrx_word' id='word_1_186' title='bbox 308 3295 426 3384; x_wconf 86' lang='lat' dir='ltr'>magni</span> <span class='ocrx_word' id='word_1_187' title='bbox 445 3295 618 3362; x_wconf 71' lang='lat' dir='ltr'>aestimare</span> <span class='ocrx_word' id='word_1_188' title='bbox 645 3292 740 3363; x_wconf 89' lang='lat' dir='ltr'>illam</span> <span class='ocrx_word' id='word_1_189' title='bbox 763 3302 886 3373; x_wconf 86' lang='lat' dir='ltr'>artem,</span> <span class='ocrx_word' id='word_1_190' title='bbox 906 3295 1004 3383; x_wconf 90' lang='lat' dir='ltr'>cujus</span> <span class='ocrx_word' id='word_1_191' title='bbox 1022 3293 1057 3360; x_wconf 95' lang='lat' dir='ltr'>in</span> <span class='ocrx_word' id='word_1_192' title='bbox 1078 3315 1216 3361; x_wconf 90' lang='lat' dir='ltr'>summa</span> 
     </span>
     <span class='ocr_line' id='line_1_27' title="bbox 165 3407 1215 3501; baseline 0.004 -28"><span class='ocrx_word' id='word_1_193' title='bbox 165 3407 268 3477; x_wconf 88' lang='lat' dir='ltr'>laude</span> <span class='ocrx_word' id='word_1_194' title='bbox 295 3419 331 3478; x_wconf 89' lang='lat' dir='ltr'>et</span> <span class='ocrx_word' id='word_1_195' title='bbox 358 3408 571 3480; x_wconf 84' lang='lat' dir='ltr'>excellentia</span> <span class='ocrx_word' id='word_1_196' title='bbox 600 3419 722 3480; x_wconf 92' lang='lat' dir='ltr'>tantus</span> <span class='ocrx_word' id='word_1_197' title='bbox 753 3418 874 3501; x_wconf 90' lang='lat' dir='ltr'>pateat</span> <span class='ocrx_word' id='word_1_198' title='bbox 904 3409 1215 3500; x_wconf 87' lang='lat' dir='ltr'>importunissimae</span> 
     </span>
     <span class='ocr_line' id='line_1_28' title="bbox 164 3524 1216 3616; baseline 0.001 -26"><span class='ocrx_word' id='word_1_199' title='bbox 164 3524 277 3592; x_wconf 87' lang='lat' dir='ltr'>fraudi</span> <span class='ocrx_word' id='word_1_200' title='bbox 301 3525 423 3595; x_wconf 73' lang='lat' dir='ltr'>locus?</span> <span class='ocrx_word' id='word_1_201' title='bbox 477 3525 663 3616; x_wconf 86' lang='lat' dir='ltr'>Equidem,</span> <span class='ocrx_word' id='word_1_202' title='bbox 684 3527 742 3615; x_wconf 94' lang='lat' dir='ltr'>qui</span> <span class='ocrx_word' id='word_1_203' title='bbox 769 3527 806 3594; x_wconf 93' lang='lat' dir='ltr'>in</span> <span class='ocrx_word' id='word_1_204' title='bbox 833 3527 936 3594; x_wconf 85' lang='lat' dir='ltr'>istam</span> <span class='ocrx_word' id='word_1_205' title='bbox 962 3525 1112 3616; x_wconf 92' lang='lat' dir='ltr'>pedibus</span> <span class='ocrx_word' id='word_1_206' title='bbox 1137 3526 1216 3593; x_wconf 88' lang='lat' dir='ltr'>ierit</span> 
     </span>
     <span class='ocr_line' id='line_1_29' title="bbox 164 3638 1214 3731; baseline 0 -24"><span class='ocrx_word' id='word_1_207' title='bbox 164 3639 527 3718; x_wconf 83' lang='lat' dir='ltr'>sententian1‚vercor</span> <span class='ocrx_word' id='word_1_208' title='bbox 548 3662 592 3707; x_wconf 93' lang='lat' dir='ltr'>ne</span> <span class='ocrx_word' id='word_1_209' title='bbox 611 3640 707 3708; x_wconf 88' lang='lat' dir='ltr'>brevi</span> <span class='ocrx_word' id='word_1_210' title='bbox 725 3640 913 3730; x_wconf 77' lang='grc' dir='ltr'>μισόλογος</span> <span class='ocrx_word' id='word_1_211' title='bbox 931 3641 1074 3731; x_wconf 90' lang='lat' dir='ltr'>quidam</span> <span class='ocrx_word' id='word_1_212' title='bbox 1095 3638 1214 3731; x_wconf 90' lang='lat' dir='ltr'>(quem</span> 
     </span>
     <span class='ocr_line' id='line_1_30' title="bbox 166 3755 1214 3849; baseline 0.002 -27"><span class='ocrx_word' id='word_1_213' title='bbox 166 3764 267 3822; x_wconf 88' lang='lat' dir='ltr'>vocat</span> <span class='ocrx_word' id='word_1_214' title='bbox 280 3755 398 3842; x_wconf 89' lang='lat' dir='ltr'>Plato)</span> <span class='ocrx_word' id='word_1_215' title='bbox 414 3757 561 3837; x_wconf 78' lang='lat' dir='ltr'>evaclat3</span> <span class='ocrx_word' id='word_1_216' title='bbox 588 3778 633 3823; x_wconf 89' lang='lat' dir='ltr'>ne</span> <span class='ocrx_word' id='word_1_217' title='bbox 652 3756 738 3824; x_wconf 90' lang='lat' dir='ltr'>nihil</span> <span class='ocrx_word' id='word_1_218' title='bbox 757 3757 900 3825; x_wconf 89' lang='lat' dir='ltr'>omuino</span> <span class='ocrx_word' id='word_1_219' title='bbox 918 3757 1008 3825; x_wconf 81' lang='lat' dir='ltr'>serio</span> <span class='ocrx_word' id='word_1_220' title='bbox 1026 3758 1082 3849; x_wconf 85' lang='lat' dir='ltr'>agi</span> <span class='ocrx_word' id='word_1_221' title='bbox 1102 3767 1214 3848; x_wconf 80' lang='lat' dir='ltr'>putet,</span> 
     </span>
     <span class='ocr_line' id='line_1_31' title="bbox 165 3870 1216 3962; baseline 0.003 -24"><span class='ocrx_word' id='word_1_222' title='bbox 165 3895 208 3939; x_wconf 86' lang='lat' dir='ltr'>ue</span> <span class='ocrx_word' id='word_1_223' title='bbox 239 3871 275 3938; x_wconf 93' lang='lat' dir='ltr'>in</span> <span class='ocrx_word' id='word_1_224' title='bbox 305 3870 591 3961; x_wconf 86' lang='lat' dir='ltr'>philosophorum</span> <span class='ocrx_word' id='word_1_225' title='bbox 620 3871 763 3962; x_wconf 89' lang='lat' dir='ltr'>quidem</span> <span class='ocrx_word' id='word_1_226' title='bbox 795 3871 902 3953; x_wconf 85' lang='lat' dir='ltr'>libris,</span> <span class='ocrx_word' id='word_1_227' title='bbox 924 3873 1056 3940; x_wconf 88' lang='lat' dir='ltr'>nedum</span> <span class='ocrx_word' id='word_1_228' title='bbox 1089 3872 1216 3941; x_wconf 84' lang='lat' dir='ltr'>Poeta·</span> 
     </span>
     <span class='ocr_line' id='line_1_32' title="bbox 163 4008 252 4052; baseline 0.011 -1"><span class='ocrx_word' id='word_1_229' title='bbox 163 4008 252 4052; x_wconf 88' lang='lat' dir='ltr'>rum.</span> 
     </span>
    </p>
   </div>
   <div class='ocr_carea' id='block_1_5' title="bbox 213 4099 1213 4192">
    <p class='ocr_par' dir='ltr' id='par_1_6' title="bbox 213 4099 1213 4192">
     <span class='ocr_line' id='line_1_33' title="bbox 213 4099 1213 4192; baseline 0.005 -24"><span class='ocrx_word' id='word_1_230' title='bbox 213 4099 290 4169; x_wconf 72' lang='lat' dir='ltr'>“At</span> <span class='ocrx_word' id='word_1_231' title='bbox 322 4103 413 4169; x_wconf 87' lang='lat' dir='ltr'>cuim</span> <span class='ocrx_word' id='word_1_232' title='bbox 453 4113 553 4192; x_wconf 88' lang='lat' dir='ltr'>porta</span> <span class='ocrx_word' id='word_1_233' title='bbox 584 4105 726 4186; x_wconf 87' lang='lat' dir='ltr'>eburna,</span> <span class='ocrx_word' id='word_1_234' title='bbox 758 4105 924 4173; x_wconf 88' lang='lat' dir='ltr'>falsorum</span> <span class='ocrx_word' id='word_1_235' title='bbox 960 4105 1213 4173; x_wconf 85' lang='lat' dir='ltr'>insomniormn</span> 
     </span>
    </p>
   </div>
   <div class='ocr_carea' id='block_1_6' title="bbox 587 4324 788 4389">
    <p class='ocr_par' dir='ltr' id='par_1_7' title="bbox 587 4324 788 4389">
     <span class='ocr_line' id='line_1_34' title="bbox 587 4324 788 4389; baseline 0 -15"><span class='ocrx_word' id='word_1_236' title='bbox 587 4333 595 4352; x_wconf 71' lang='lat'>²</span> <span class='ocrx_word' id='word_1_237' title='bbox 610 4324 676 4376; x_wconf 85' lang='lat' dir='ltr'>AEu.</span> <span class='ocrx_word' id='word_1_238' title='bbox 688 4324 713 4376; x_wconf 85' lang='lat'>6.</span> <span class='ocrx_word' id='word_1_239' title='bbox 728 4325 788 4389; x_wconf 69' lang='lat'>640.</span> 
     </span>
    </p>
   </div>
   <div class='ocr_carea' id='block_1_7' title="bbox 0 0 1388 4876">
    <p class='ocr_par' dir='ltr' id='par_1_8' title="bbox 0 0 1388 4876">
     <span class='ocr_line' id='line_1_35' title="bbox 0 0 1388 4876; baseline 0 0"><span class='ocrx_word' id='word_1_240' title='bbox 0 0 1388 4876; x_wconf 95' lang='lat' dir='ltr'> </span> 
     </span>
    </p>
   </div>
  </div>
 </body>
</html>
