2768 4876
166 322 507 404 rann.xxv11.Qnonmn
516 320 543 387 ir
553 323 674 388 οοοοίθὶο
685 332 814 388 neuram
824 323 957 409 οοονορία
966 322 1215 392 mammatae

273 485 330 543 εἷπε
342 487 364 542 δ’
377 487 405 541 έν
415 487 528 558 μέσσοις
540 487 695 557 ἀπάγεσθαι,
708 485 737 543 δς
747 484 779 540 ἀν
788 491 891 556 πρῶτος
901 486 984 554 θάρων

273 573 344 643 ἀμφί
355 575 379 626 nl
391 572 507 643 ψαύσειε
517 572 636 628 πέπλοις·

272 658 325 716 ἔνθ
336 658 515 728 Ἀλεξίδαμος,
529 658 583 713 ε’πελ
595 656 665 729 φύγε
676 657 809 728 λαιψηρὸν
820 657 924 727 δρόμον,

273 747 401 816 πάρθενον
414 746 504 799 κεδνὰν
514 746 573 816 χερὶ
585 746 672 816 χειρὸς
683 745 750 797 aar

273 831 336 903 ἀγεν
348 834 472 886 ίππευτᾶν
484 831 610 900 Νομάδων
622 829 654 884 δι’
667 829 767 900 ὅμιλον·
785 829 873 882 πολλὰ
884 827 931 897 μὲν
943 831 1020 882 κεῖνοι
1032 828 1103 882 δίκον

215 937 217 941 ’
273 916 355 988 φύλλ’
368 917 410 971 ἔπι
423 916 464 970 καὶ
476 917 631 986 στεφάνους·

273 1004 362 1059 πολλὰ
374 1004 403 1057 δὲ
414 1003 531 1073 πρόσθεν
542 1003 624 1072 πτερὰ
636 1001 727 1072 δέξατο
740 1005 818 1056 νικᾶν.

167 1119 303 1196 Neseio
325 1140 418 1198 sane,
440 1141 486 1187 an
509 1138 682 1209 nusquam
704 1115 762 1185 vol
783 1115 980 1209 elegantius
1004 1115 1153 1185 luserint
1179 1117 1215 1185 in

165 1255 210 1310 eo
236 1255 368 1326 genere
391 1240 539 1314 veteres,
563 1230 620 1301 vel
649 1231 792 1322 propius
821 1231 1032 1300 accesserint
1062 1229 1106 1298 ad
1136 1252 1214 1298 eam

163 1348 267 1438 quasi
284 1346 482 1428 formulam,
501 1368 546 1415 ex
565 1368 635 1437 qua
657 1344 865 1437 plemmque
882 1343 1015 1413 fiebant
1032 1342 1216 1420 cantilenae

163 1462 236 1532 illae
269 1463 461 1554 majoribus
493 1461 621 1530 nostris
647 1459 910 1550 acceptissimae,
937 1459 979 1528 iis
1008 1459 1216 1548 praesertim,

162 1576 228 1666 qui
246 1577 355 1644 vitam
380 1576 533 1668 agebant
557 1574 623 1643 sub
647 1573 716 1655 dio,
734 1580 841 1664 atque
866 1573 904 1640 in
930 1571 1075 1663 trepidis
1101 1571 1215 1651 rebus,

164 1712 277 1781 prope
294 1690 382 1759 linos
398 1690 566 1762 hostium.
619 1687 824 1760 Istiusmodi
842 1687 998 1756 maxime
1015 1686 1216 1755 hominibus

163 1812 268 1876 erant
292 1827 335 1873 ea
357 1804 514 1874 earmina
536 1805 573 1872 in
597 1803 754 1873 delioiis:
779 1804 885 1872 eredo
910 1809 1055 1892 propter
1075 1800 1217 1874 liberta

163 1927 241 1988 tem
259 1920 509 2009 nescioquam,
523 1927 561 1986 et
578 1918 741 1987 laetitiam
758 1917 913 1986 audaoiae
929 1939 1032 2007 paene
1048 1918 1216 1986 castrensi

165 2040 368 2126 cognatam.
421 2031 573 2116 Verum,
592 2039 635 2101 ut
658 2033 752 2102 unde
778 2032 849 2109 abii
875 2031 1038 2113 redeam;
1064 2054 1127 2122 per
1151 2031 1216 2100 hu·
1244 2096 1272 2121 ,,

154 2146 319 2238 jusmodi
345 2148 562 2216 narrationes
587 2147 765 2215 monitum
794 2168 870 2215 esse
896 2146 996 2214 aiunt
1018 2168 1039 2215 a
1064 2145 1216 2217 Pindaro

164 2269 288 2332 nostro
305 2260 569 2342 Telesioratem,
588 2262 632 2330 de
650 2262 781 2337 eximia
797 2260 970 2378 eastitatis
987 2260 1137 2332 lauder:

308 2399 381 2472 ὄφρα
391 2424 430 2457 τις
441 2407 492 2456 τῶν
504 2401 532 2457 έν
543 2402 641 2475 δονάτφ
653 2402 802 2473 φιλοτάτων
814 2400 951 2471 ἐπιψαύειν
962 2402 1058 2472 ἔραται.

165 2523 274 2606 Quod
300 2523 396 2591 idem
426 2521 495 2591 alio
525 2523 562 2590 in
591 2524 746 2593 carmine
774 2524 879 2593 dooet
906 2522 1019 2593 Poeta
1039 2525 1216 2616 juvenum

165 2635 419 2731 AEginetarum
444 2661 517 2729 par,
539 2637 768 2730 Phylaoidam
794 2661 876 2707 oum
904 2638 1054 2730 Python,
1081 2663 1217 2711 merno-

165 2763 244 2823 rato
272 2753 392 2845 magni
426 2753 528 2823 istius
560 2753 659 2822 Pelei
692 2752 860 2844 periculo,
889 2763 1034 2846 propter
1062 2758 1216 2827 ineestos

164 2867 342 2946 Thessalae
354 2868 536 2959 eujusdam
554 2883 690 2937 amores
700 2879 728 2937 ν.

519 3005 607 3058 πολλὰ
618 3005 669 3076 γάρ
680 3026 725 3074 μιν
735 3006 812 3060 παντὶ
824 2995 896 3080 θύμῳ

272 3089 428 3160 παρφαμένα
437 3091 577 3144 λιτάνευεν·
596 3093 643 3144 τοῦ
654 3091 701 3159 μὲν
712 3091 793 3162 ὀργὰν
804 3092 887 3158 κνίζον
899 3092 1007 3147 αἰπεινοὶ
1019 3095 1104 3164 λόγοι·

272 3174 346 3231 rodis
357 3174 379 3229 δ’
392 3175 537 3229 ἀπανάνατο
549 3174 660 3246 νύμφαν,
673 3177 768 3246 ξεινίου
779 3180 877 3248 πατρὸς
887 3182 971 3249 χόλον

272 3260 378 3316 δείσαις·
399 3264 414 3314 ὁ
427 3260 449 3315 δ’
462 3262 585 3332 ἐφράσθη
598 3262 749 3317 κατένευσέν
760 3263 791 3318 τέ
801 3266 826 3317 οῖ
837 3265 980 3341 ὀρσινεφὴς
995 3264 1025 3334 ἐξ
1036 3265 1145 3334 ούρανοῦ

272 3345 334 3402 Ζεύς
344 3345 476 3401 ἀθανάτων
486 3346 623 3412 βασιλεύς,
635 3347 698 3403 ὥστ’
711 3349 738 3403 έν
749 3351 823 3420 τάχει

270 3432 377 3487 ποντίαν
386 3436 593 3504 χρυσαλακάτων
604 3436 661 3490 τινὰ
670 3433 802 3507 Νηρεΐδων
812 3438 921 3508 πράξειν
931 3437 1036 3493 άιεοιτιν.

216 3543 276 3613 Ex
304 3544 359 3614 his
387 3547 471 3615 satis
501 3547 649 3617 fortasse
683 3551 815 3640 poterit
844 3551 1006 3645 intelligi,
1035 3553 1213 3643 quodnam

165 3658 376 3750 plerumque
406 3661 514 3730 fuerit
540 3661 683 3732 Pindari
713 3666 909 3737 eonsilium.
961 3666 1057 3737 Dato
1084 3668 1150 3737 sibi
1177 3669 1215 3737 in

165 3793 292 3842 manus
309 3775 407 3863 quasi
424 3777 577 3866 quodam
601 3776 671 3859 filo,
690 3782 868 3868 quaerebat
885 3782 994 3851 etiam
1011 3805 1075 3874 per
1092 3804 1215 3851 omnes

166 3885 365 3956 fabularum
392 3890 569 3982 ambages,
597 3892 692 3980 quod
718 3916 833 3965 mores
858 3895 1043 3965 hominum
1068 3897 1143 3966 sive
1168 3898 1214 3967 ad

155 4000 337 4072 ¹virtutem
360 4002 434 4072 sive
454 4002 498 4070 ad
521 4003 662 4073 eivilem
688 4009 913 4096 prudentiam
930 4010 1118 4080 informare
1134 4033 1214 4103 pos·

167 4121 228 4183 set.

305 4319 411 4387 urata.
425 4337 450 4385 4.
467 4318 525 4374 162.
876 4326 973 4378 ‘¹Nem.
987 4339 1012 4392 5.
1026 4325 1070 4394 56.
