<?xml version="1.0" encoding="UTF-8"?>
<!DOCTYPE html PUBLIC "-//W3C//DTD XHTML 1.0 Transitional//EN"
    "http://www.w3.org/TR/xhtml1/DTD/xhtml1-transitional.dtd">
<html xmlns="http://www.w3.org/1999/xhtml" xml:lang="en" lang="en">
 <head>
  <title>
</title>
<meta http-equiv="Content-Type" content="text/html;charset=utf-8" />
  <meta name='ocr-system' content='tesseract 3.04.00' />
  <meta name='ocr-capabilities' content='ocr_page ocr_carea ocr_par ocr_line ocrx_word'/>
</head>
<body>
  <div class='ocr_page' id='page_1' title='image "./depoeticaevimed00keblgoog_0101.png"; bbox 0 0 2768 4876; ppageno 0'>
   <div class='ocr_carea' id='block_1_1' title="bbox 167 323 1211 408">
    <p class='ocr_par' dir='ltr' id='par_1_1' title="bbox 167 323 1211 408">
     <span class='ocr_line' id='line_1_1' title="bbox 167 323 1211 408; baseline -0.003 -19"><span class='ocrx_word' id='word_1_1' title='bbox 167 323 230 393; x_wconf 76' lang='lat'>476</span> <span class='ocrx_word' id='word_1_2' title='bbox 331 324 510 408; x_wconf 61' lang='lat' dir='ltr'>Deidamia</span> <span class='ocrx_word' id='word_1_3' title='bbox 525 323 569 387; x_wconf 83' lang='lat' dir='ltr'>cd</span> <span class='ocrx_word' id='word_1_4' title='bbox 581 324 830 388; x_wconf 70' lang='lat' dir='ltr'>saturnaliorum</span> <span class='ocrx_word' id='word_1_5' title='bbox 843 332 977 388; x_wconf 74' lang='lat' dir='ltr'>coartant.</span> <span class='ocrx_word' id='word_1_6' title='bbox 1015 345 1108 386; x_wconf 74' lang='lat' dir='ltr'>runt.</span> <span class='ocrx_word' id='word_1_7' title='bbox 1122 346 1211 386; x_wconf 87' lang='lat' dir='ltr'>xxrv.</span> 
     </span>
    </p>
   </div>
   <div class='ocr_carea' id='block_1_2' title="bbox 163 494 1212 3902">
    <p class='ocr_par' dir='ltr' id='par_1_2' title="bbox 163 494 1212 2315">
     <span class='ocr_line' id='line_1_2' title="bbox 166 494 1211 586; baseline 0 -22"><span class='ocrx_word' id='word_1_8' title='bbox 166 496 329 576; x_wconf 74' lang='lat' dir='ltr'>fautores</span> <span class='ocrx_word' id='word_1_9' title='bbox 356 518 419 586; x_wconf 93' lang='lat' dir='ltr'>pro</span> <span class='ocrx_word' id='word_1_10' title='bbox 444 494 536 563; x_wconf 92' lang='lat' dir='ltr'>fictis</span> <span class='ocrx_word' id='word_1_11' title='bbox 562 503 598 563; x_wconf 91' lang='lat' dir='ltr'>et</span> <span class='ocrx_word' id='word_1_12' title='bbox 626 494 879 563; x_wconf 87' lang='lat' dir='ltr'>commentitiis</span> <span class='ocrx_word' id='word_1_13' title='bbox 905 517 980 564; x_wconf 91' lang='lat' dir='ltr'>esse</span> <span class='ocrx_word' id='word_1_14' title='bbox 1006 495 1211 565; x_wconf 82' lang='lat' dir='ltr'>habendos:</span> 
     </span>
     <span class='ocr_line' id='line_1_3' title="bbox 165 609 1212 701; baseline 0 -23"><span class='ocrx_word' id='word_1_15' title='bbox 165 611 295 701; x_wconf 79' lang='lat' dir='ltr'>quippe</span> <span class='ocrx_word' id='word_1_16' title='bbox 318 610 378 701; x_wconf 91' lang='lat' dir='ltr'>qui</span> <span class='ocrx_word' id='word_1_17' title='bbox 401 632 471 678; x_wconf 91' lang='lat' dir='ltr'>non</span> <span class='ocrx_word' id='word_1_18' title='bbox 498 609 611 677; x_wconf 88' lang='lat' dir='ltr'>solum</span> <span class='ocrx_word' id='word_1_19' title='bbox 639 609 885 699; x_wconf 78' lang='lat' dir='ltr'>obtemperent</span> <span class='ocrx_word' id='word_1_20' title='bbox 911 611 1104 679; x_wconf 87' lang='lat' dir='ltr'>amicornm</span> <span class='ocrx_word' id='word_1_21' title='bbox 1129 633 1212 680; x_wconf 88' lang='lat' dir='ltr'>con-</span> 
     </span>
     <span class='ocr_line' id='line_1_4' title="bbox 165 723 1212 815; baseline 0 -23"><span class='ocrx_word' id='word_1_22' title='bbox 165 724 260 806; x_wconf 90' lang='lat' dir='ltr'>siliis,</span> <span class='ocrx_word' id='word_1_23' title='bbox 288 747 408 792; x_wconf 91' lang='lat' dir='ltr'>verum</span> <span class='ocrx_word' id='word_1_24' title='bbox 436 724 544 793; x_wconf 83' lang='lat' dir='ltr'>etiam</span> <span class='ocrx_word' id='word_1_25' title='bbox 571 736 641 792; x_wconf 86' lang='lat' dir='ltr'>non</span> <span class='ocrx_word' id='word_1_26' title='bbox 669 746 756 804; x_wconf 90' lang='lat' dir='ltr'>raro,</span> <span class='ocrx_word' id='word_1_27' title='bbox 782 723 875 813; x_wconf 90' lang='lat' dir='ltr'>quod</span> <span class='ocrx_word' id='word_1_28' title='bbox 907 724 1094 815; x_wconf 84' lang='lat' dir='ltr'>indignius,</span> <span class='ocrx_word' id='word_1_29' title='bbox 1120 747 1212 794; x_wconf 90' lang='lat' dir='ltr'>mer-</span> 
     </span>
     <span class='ocr_line' id='line_1_5' title="bbox 166 838 1212 932; baseline -0.001 -23"><span class='ocrx_word' id='word_1_30' title='bbox 166 839 252 909; x_wconf 88' lang='lat' dir='ltr'>cede</span> <span class='ocrx_word' id='word_1_31' title='bbox 282 841 533 909; x_wconf 86' lang='lat' dir='ltr'>conducantur.</span> <span class='ocrx_word' id='word_1_32' title='bbox 586 838 657 908; x_wconf 82' lang='lat' dir='ltr'>Sed</span> <span class='ocrx_word' id='word_1_33' title='bbox 685 839 911 907; x_wconf 85' lang='lat' dir='ltr'>meminerint</span> <span class='ocrx_word' id='word_1_34' title='bbox 938 838 1044 906; x_wconf 92' lang='lat' dir='ltr'>velim</span> <span class='ocrx_word' id='word_1_35' title='bbox 1069 838 1128 932; x_wconf 86' lang='lat' dir='ltr'>isti</span> <span class='ocrx_word' id='word_1_36' title='bbox 1155 861 1212 908; x_wconf 90' lang='lat' dir='ltr'>ca-</span> 
     </span>
     <span class='ocr_line' id='line_1_6' title="bbox 166 953 1211 1046; baseline 0 -22"><span class='ocrx_word' id='word_1_37' title='bbox 166 956 404 1035; x_wconf 88' lang='lat' dir='ltr'>lumniatores,</span> <span class='ocrx_word' id='word_1_38' title='bbox 422 977 500 1024; x_wconf 89' lang='lat' dir='ltr'>eam</span> <span class='ocrx_word' id='word_1_39' title='bbox 519 976 594 1023; x_wconf 88' lang='lat' dir='ltr'>esse</span> <span class='ocrx_word' id='word_1_40' title='bbox 612 954 726 1046; x_wconf 85' lang='lat' dir='ltr'>legem</span> <span class='ocrx_word' id='word_1_41' title='bbox 746 956 888 1024; x_wconf 86' lang='lat' dir='ltr'>sincerae</span> <span class='ocrx_word' id='word_1_42' title='bbox 904 953 1211 1034; x_wconf 89' lang='lat' dir='ltr'>Poeseos‚-illins</span> 
     </span>
     <span class='ocr_line' id='line_1_7' title="bbox 164 1069 1212 1162; baseline 0 -22"><span class='ocrx_word' id='word_1_43' title='bbox 164 1080 261 1140; x_wconf 90' lang='lat' dir='ltr'>certe</span> <span class='ocrx_word' id='word_1_44' title='bbox 279 1094 356 1162; x_wconf 86' lang='lat' dir='ltr'>qnae</span> <span class='ocrx_word' id='word_1_45' title='bbox 373 1071 508 1161; x_wconf 87' lang='lat' dir='ltr'>optimo</span> <span class='ocrx_word' id='word_1_46' title='bbox 528 1070 610 1160; x_wconf 87' lang='lat' dir='ltr'>jure</span> <span class='ocrx_word' id='word_1_47' title='bbox 628 1069 784 1139; x_wconf 90' lang='lat' dir='ltr'>vindicat</span> <span class='ocrx_word' id='word_1_48' title='bbox 805 1070 870 1139; x_wconf 85' lang='lat' dir='ltr'>sibi</span> <span class='ocrx_word' id='word_1_49' title='bbox 888 1071 1127 1140; x_wconf 88' lang='lat' dir='ltr'>venerandum</span> <span class='ocrx_word' id='word_1_50' title='bbox 1149 1094 1212 1140; x_wconf 92' lang='lat' dir='ltr'>no-</span> 
     </span>
     <span class='ocr_line' id='line_1_8' title="bbox 165 1184 1210 1278; baseline -0.002 -22"><span class='ocrx_word' id='word_1_51' title='bbox 165 1194 350 1270; x_wconf 74' lang='lat' dir='ltr'>mem—ut</span> <span class='ocrx_word' id='word_1_52' title='bbox 365 1193 500 1277; x_wconf 87' lang='lat' dir='ltr'>quaerat</span> <span class='ocrx_word' id='word_1_53' title='bbox 518 1184 725 1276; x_wconf 89' lang='lat' dir='ltr'>plerumque</span> <span class='ocrx_word' id='word_1_54' title='bbox 742 1185 904 1268; x_wconf 73' lang='lat' dir='ltr'>latebras</span> <span class='ocrx_word' id='word_1_55' title='bbox 919 1185 1035 1255; x_wconf 91' lang='lat' dir='ltr'>lucem</span> <span class='ocrx_word' id='word_1_56' title='bbox 1053 1185 1210 1278; x_wconf 85' lang='lat' dir='ltr'>effugiat,</span> 
     </span>
     <span class='ocr_line' id='line_1_9' title="bbox 165 1300 1211 1392; baseline 0.002 -23"><span class='ocrx_word' id='word_1_57' title='bbox 165 1301 297 1370; x_wconf 91' lang='lat' dir='ltr'>nemini</span> <span class='ocrx_word' id='word_1_58' title='bbox 323 1300 426 1369; x_wconf 86' lang='lat' dir='ltr'>facile</span> <span class='ocrx_word' id='word_1_59' title='bbox 452 1301 654 1370; x_wconf 88' lang='lat' dir='ltr'>committat</span> <span class='ocrx_word' id='word_1_60' title='bbox 677 1323 803 1370; x_wconf 89' lang='lat' dir='ltr'>arcana</span> <span class='ocrx_word' id='word_1_61' title='bbox 827 1324 900 1383; x_wconf 83' lang='lat' dir='ltr'>sua,</span> <span class='ocrx_word' id='word_1_62' title='bbox 918 1301 983 1371; x_wconf 89' lang='lat' dir='ltr'>nisi</span> <span class='ocrx_word' id='word_1_63' title='bbox 1004 1325 1111 1392; x_wconf 91' lang='lat' dir='ltr'>quem</span> <span class='ocrx_word' id='word_1_64' title='bbox 1137 1324 1211 1371; x_wconf 88' lang='lat' dir='ltr'>cre-</span> 
     </span>
     <span class='ocr_line' id='line_1_10' title="bbox 164 1415 1212 1508; baseline 0.002 -24"><span class='ocrx_word' id='word_1_65' title='bbox 164 1417 292 1485; x_wconf 88' lang='lat' dir='ltr'>diderit</span> <span class='ocrx_word' id='word_1_66' title='bbox 313 1415 436 1485; x_wconf 87' lang='lat' dir='ltr'>iisdem</span> <span class='ocrx_word' id='word_1_67' title='bbox 456 1416 554 1506; x_wconf 89' lang='lat' dir='ltr'>quasi</span> <span class='ocrx_word' id='word_1_68' title='bbox 572 1417 670 1508; x_wconf 85' lang='lat' dir='ltr'>tangi</span> <span class='ocrx_word' id='word_1_69' title='bbox 693 1417 881 1486; x_wconf 91' lang='lat' dir='ltr'>amoribus.</span> <span class='ocrx_word' id='word_1_70' title='bbox 934 1417 1053 1500; x_wconf 80' lang='lat' dir='ltr'>Quare</span> <span class='ocrx_word' id='word_1_71' title='bbox 1069 1440 1140 1484; x_wconf 90' lang='lat' dir='ltr'>non</span> <span class='ocrx_word' id='word_1_72' title='bbox 1159 1439 1212 1486; x_wconf 90' lang='lat' dir='ltr'>re-</span> 
     </span>
     <span class='ocr_line' id='line_1_11' title="bbox 165 1531 1211 1624; baseline 0.004 -24"><span class='ocrx_word' id='word_1_73' title='bbox 165 1540 265 1600; x_wconf 88' lang='lat' dir='ltr'>cusat</span> <span class='ocrx_word' id='word_1_74' title='bbox 282 1540 491 1623; x_wconf 86' lang='lat' dir='ltr'>argumenta</span> <span class='ocrx_word' id='word_1_75' title='bbox 515 1531 653 1624; x_wconf 87' lang='lat' dir='ltr'>longius</span> <span class='ocrx_word' id='word_1_76' title='bbox 678 1533 810 1622; x_wconf 90' lang='lat' dir='ltr'>petita:</span> <span class='ocrx_word' id='word_1_77' title='bbox 838 1534 947 1601; x_wconf 91' lang='lat' dir='ltr'>immo</span> <span class='ocrx_word' id='word_1_78' title='bbox 965 1533 1089 1623; x_wconf 79' lang='lat' dir='ltr'>saepius</span> <span class='ocrx_word' id='word_1_79' title='bbox 1106 1531 1211 1604; x_wconf 66' lang='lat' dir='ltr'>affeo</span> 
     </span>
     <span class='ocr_line' id='line_1_12' title="bbox 165 1645 1212 1740; baseline 0.003 -25"><span class='ocrx_word' id='word_1_80' title='bbox 165 1654 240 1716; x_wconf 87' lang='lat' dir='ltr'>tare</span> <span class='ocrx_word' id='word_1_81' title='bbox 267 1648 417 1730; x_wconf 85' lang='lat' dir='ltr'>dixeris3</span> <span class='ocrx_word' id='word_1_82' title='bbox 445 1649 551 1716; x_wconf 92' lang='lat' dir='ltr'>modo</span> <span class='ocrx_word' id='word_1_83' title='bbox 573 1648 677 1716; x_wconf 91' lang='lat' dir='ltr'>detur</span> <span class='ocrx_word' id='word_1_84' title='bbox 703 1649 758 1716; x_wconf 90' lang='lat' dir='ltr'>via</span> <span class='ocrx_word' id='word_1_85' title='bbox 783 1649 946 1739; x_wconf 87' lang='lat' dir='ltr'>quaedam</span> <span class='ocrx_word' id='word_1_86' title='bbox 973 1645 1123 1729; x_wconf 89' lang='lat' dir='ltr'>occulta,</span> <span class='ocrx_word' id='word_1_87' title='bbox 1141 1671 1212 1740; x_wconf 93' lang='lat' dir='ltr'>qua</span> 
     </span>
     <span class='ocr_line' id='line_1_13' title="bbox 165 1763 1210 1855; baseline 0.001 -23"><span class='ocrx_word' id='word_1_88' title='bbox 165 1763 273 1832; x_wconf 87' lang='lat' dir='ltr'>tacite</span> <span class='ocrx_word' id='word_1_89' title='bbox 294 1763 444 1855; x_wconf 85' lang='lat' dir='ltr'>migrare</span> <span class='ocrx_word' id='word_1_90' title='bbox 468 1763 577 1852; x_wconf 87' lang='lat' dir='ltr'>possit</span> <span class='ocrx_word' id='word_1_91' title='bbox 603 1764 639 1831; x_wconf 93' lang='lat' dir='ltr'>in</span> <span class='ocrx_word' id='word_1_92' title='bbox 666 1787 725 1832; x_wconf 91' lang='lat' dir='ltr'>eas</span> <span class='ocrx_word' id='word_1_93' title='bbox 748 1786 812 1843; x_wconf 78' lang='lat' dir='ltr'>reS,</span> <span class='ocrx_word' id='word_1_94' title='bbox 831 1786 917 1854; x_wconf 91' lang='lat' dir='ltr'>quas</span> <span class='ocrx_word' id='word_1_95' title='bbox 938 1785 1019 1833; x_wconf 89' lang='lat' dir='ltr'>vere</span> <span class='ocrx_word' id='word_1_96' title='bbox 1045 1764 1210 1833; x_wconf 88' lang='lat' dir='ltr'>admirari</span> 
     </span>
     <span class='ocr_line' id='line_1_14' title="bbox 163 1878 1209 1971; baseline 0 -23"><span class='ocrx_word' id='word_1_97' title='bbox 163 1879 265 1962; x_wconf 90' lang='lat' dir='ltr'>solet,</span> <span class='ocrx_word' id='word_1_98' title='bbox 288 1901 454 1970; x_wconf 89' lang='lat' dir='ltr'>carasque</span> <span class='ocrx_word' id='word_1_99' title='bbox 479 1878 621 1948; x_wconf 88' lang='lat' dir='ltr'>habere.</span> <span class='ocrx_word' id='word_1_100' title='bbox 675 1879 777 1947; x_wconf 90' lang='lat' dir='ltr'>Nihil</span> <span class='ocrx_word' id='word_1_101' title='bbox 803 1888 924 1949; x_wconf 86' lang='lat' dir='ltr'>autem</span> <span class='ocrx_word' id='word_1_102' title='bbox 946 1888 1055 1961; x_wconf 88' lang='lat' dir='ltr'>vetat,</span> <span class='ocrx_word' id='word_1_103' title='bbox 1075 1879 1209 1971; x_wconf 90' lang='lat' dir='ltr'>opinor,</span> 
     </span>
     <span class='ocr_line' id='line_1_15' title="bbox 164 1993 1212 2086; baseline 0 -24"><span class='ocrx_word' id='word_1_104' title='bbox 164 1994 309 2085; x_wconf 85' lang='lat' dir='ltr'>praeberi</span> <span class='ocrx_word' id='word_1_105' title='bbox 339 1993 526 2084; x_wconf 87' lang='lat' dir='ltr'>aliquando</span> <span class='ocrx_word' id='word_1_106' title='bbox 556 2017 619 2085; x_wconf 88' lang='lat' dir='ltr'>per</span> <span class='ocrx_word' id='word_1_107' title='bbox 644 1993 760 2062; x_wconf 89' lang='lat' dir='ltr'>edicta</span> <span class='ocrx_word' id='word_1_108' title='bbox 787 1994 985 2084; x_wconf 83' lang='lat' dir='ltr'>principum</span> <span class='ocrx_word' id='word_1_109' title='bbox 1011 1993 1084 2062; x_wconf 88' lang='lat' dir='ltr'>tale</span> <span class='ocrx_word' id='word_1_110' title='bbox 1108 2017 1212 2086; x_wconf 86' lang='lat' dir='ltr'>argu-</span> 
     </span>
     <span class='ocr_line' id='line_1_16' title="bbox 164 2108 1211 2202; baseline 0 -25"><span class='ocrx_word' id='word_1_111' title='bbox 164 2118 336 2192; x_wconf 90' lang='lat' dir='ltr'>mentum,</span> <span class='ocrx_word' id='word_1_112' title='bbox 363 2108 456 2200; x_wconf 92' lang='lat' dir='ltr'>quod</span> <span class='ocrx_word' id='word_1_113' title='bbox 488 2131 558 2177; x_wconf 93' lang='lat' dir='ltr'>non</span> <span class='ocrx_word' id='word_1_114' title='bbox 588 2109 708 2200; x_wconf 89' lang='lat' dir='ltr'>inepte</span> <span class='ocrx_word' id='word_1_115' title='bbox 736 2110 868 2201; x_wconf 84' lang='lat' dir='ltr'>lingere</span> <span class='ocrx_word' id='word_1_116' title='bbox 893 2110 1005 2200; x_wconf 89' lang='lat' dir='ltr'>possit</span> <span class='ocrx_word' id='word_1_117' title='bbox 1030 2109 1083 2177; x_wconf 90' lang='lat' dir='ltr'>vir</span> <span class='ocrx_word' id='word_1_118' title='bbox 1112 2111 1211 2202; x_wconf 86' lang='lat' dir='ltr'>inge-</span> 
     </span>
     <span class='ocr_line' id='line_1_17' title="bbox 164 2223 779 2315; baseline -0.002 -23"><span class='ocrx_word' id='word_1_119' title='bbox 164 2225 282 2293; x_wconf 91' lang='lat' dir='ltr'>niosus</span> <span class='ocrx_word' id='word_1_120' title='bbox 300 2226 344 2295; x_wconf 87' lang='lat' dir='ltr'>ad</span> <span class='ocrx_word' id='word_1_121' title='bbox 362 2225 470 2294; x_wconf 91' lang='lat' dir='ltr'>animi</span> <span class='ocrx_word' id='word_1_122' title='bbox 488 2224 584 2315; x_wconf 92' lang='lat' dir='ltr'>pleni</span> <span class='ocrx_word' id='word_1_123' title='bbox 602 2223 779 2293; x_wconf 91' lang='lat' dir='ltr'>solatium.</span> 
     </span>
    </p>

    <p class='ocr_par' dir='ltr' id='par_1_3' title="bbox 163 2335 1211 3573">
     <span class='ocr_line' id='line_1_18' title="bbox 215 2335 1211 2432; baseline -0.001 -24"><span class='ocrx_word' id='word_1_124' title='bbox 215 2336 378 2408; x_wconf 83' lang='lat' dir='ltr'>Fortasse</span> <span class='ocrx_word' id='word_1_125' title='bbox 395 2340 504 2432; x_wconf 85' lang='lat' dir='ltr'>igitur</span> <span class='ocrx_word' id='word_1_126' title='bbox 521 2346 558 2408; x_wconf 87' lang='lat' dir='ltr'>et</span> <span class='ocrx_word' id='word_1_127' title='bbox 576 2340 670 2429; x_wconf 87' lang='lat' dir='ltr'>apud</span> <span class='ocrx_word' id='word_1_128' title='bbox 689 2339 879 2408; x_wconf 83' lang='lat' dir='ltr'>Pindarum</span> <span class='ocrx_word' id='word_1_129' title='bbox 899 2335 1082 2430; x_wconf 87' lang='lat' dir='ltr'>pervenire</span> <span class='ocrx_word' id='word_1_130' title='bbox 1099 2339 1211 2428; x_wconf 86' lang='lat' dir='ltr'>possit</span> 
     </span>
     <span class='ocr_line' id='line_1_19' title="bbox 164 2452 1209 2546; baseline 0 -24"><span class='ocrx_word' id='word_1_131' title='bbox 164 2452 289 2544; x_wconf 90' lang='lat' dir='ltr'>aliquis</span> <span class='ocrx_word' id='word_1_132' title='bbox 314 2453 433 2546; x_wconf 91' lang='lat' dir='ltr'>paullo</span> <span class='ocrx_word' id='word_1_133' title='bbox 455 2453 636 2536; x_wconf 83' lang='lat' dir='ltr'>oculatior,</span> <span class='ocrx_word' id='word_1_134' title='bbox 654 2455 807 2546; x_wconf 88' lang='lat' dir='ltr'>pervias</span> <span class='ocrx_word' id='word_1_135' title='bbox 825 2454 992 2544; x_wconf 88' lang='lat' dir='ltr'>quasdam</span> <span class='ocrx_word' id='word_1_136' title='bbox 1014 2461 1051 2521; x_wconf 90' lang='lat' dir='ltr'>et</span> <span class='ocrx_word' id='word_1_137' title='bbox 1068 2452 1209 2536; x_wconf 90' lang='lat' dir='ltr'>rivulos,</span> 
     </span>
     <span class='ocr_line' id='line_1_20' title="bbox 164 2566 1209 2661; baseline -0.004 -23"><span class='ocrx_word' id='word_1_138' title='bbox 164 2570 208 2638; x_wconf 90' lang='lat' dir='ltr'>ad</span> <span class='ocrx_word' id='word_1_139' title='bbox 244 2568 381 2639; x_wconf 88' lang='lat' dir='ltr'>summa</span> <span class='ocrx_word' id='word_1_140' title='bbox 415 2571 541 2661; x_wconf 86' lang='lat' dir='ltr'>capita,</span> <span class='ocrx_word' id='word_1_141' title='bbox 576 2577 613 2637; x_wconf 91' lang='lat' dir='ltr'>et</span> <span class='ocrx_word' id='word_1_142' title='bbox 647 2570 772 2651; x_wconf 72' lang='lat' dir='ltr'>fontes</span> <span class='ocrx_word' id='word_1_143' title='bbox 804 2592 891 2660; x_wconf 93' lang='lat' dir='ltr'>quos</span> <span class='ocrx_word' id='word_1_144' title='bbox 926 2569 1009 2648; x_wconf 88' lang='lat' dir='ltr'>dixi,</span> <span class='ocrx_word' id='word_1_145' title='bbox 1045 2566 1209 2636; x_wconf 82' lang='lat' dir='ltr'>Poeseos</span> 
     </span>
     <span class='ocr_line' id='line_1_21' title="bbox 165 2683 1210 2776; baseline -0.002 -25"><span class='ocrx_word' id='word_1_146' title='bbox 165 2684 245 2752; x_wconf 85' lang='lat' dir='ltr'>Etsi</span> <span class='ocrx_word' id='word_1_147' title='bbox 272 2685 308 2753; x_wconf 93' lang='lat' dir='ltr'>id</span> <span class='ocrx_word' id='word_1_148' title='bbox 334 2685 448 2754; x_wconf 87' lang='lat' dir='ltr'>fateor</span> <span class='ocrx_word' id='word_1_149' title='bbox 470 2685 544 2754; x_wconf 87' lang='lat' dir='ltr'>fore</span> <span class='ocrx_word' id='word_1_150' title='bbox 569 2685 845 2766; x_wconf 89' lang='lat' dir='ltr'>incommodum,</span> <span class='ocrx_word' id='word_1_151' title='bbox 864 2684 957 2776; x_wconf 94' lang='lat' dir='ltr'>quod</span> <span class='ocrx_word' id='word_1_152' title='bbox 979 2705 1024 2752; x_wconf 91' lang='lat' dir='ltr'>ne</span> <span class='ocrx_word' id='word_1_153' title='bbox 1044 2705 1116 2751; x_wconf 90' lang='lat' dir='ltr'>uno</span> <span class='ocrx_word' id='word_1_154' title='bbox 1134 2683 1210 2772; x_wconf 92' lang='lat' dir='ltr'>qui-</span> 
     </span>
     <span class='ocr_line' id='line_1_22' title="bbox 164 2800 1209 2892; baseline -0.002 -25"><span class='ocrx_word' id='word_1_155' title='bbox 164 2800 245 2867; x_wconf 91' lang='lat' dir='ltr'>dem</span> <span class='ocrx_word' id='word_1_156' title='bbox 275 2800 313 2867; x_wconf 90' lang='lat' dir='ltr'>iu</span> <span class='ocrx_word' id='word_1_157' title='bbox 343 2801 497 2868; x_wconf 86' lang='lat' dir='ltr'>carmine</span> <span class='ocrx_word' id='word_1_158' title='bbox 527 2801 675 2891; x_wconf 88' lang='lat' dir='ltr'>prodeat</span> <span class='ocrx_word' id='word_1_159' title='bbox 701 2800 860 2892; x_wconf 77' lang='lat' dir='ltr'>Scriptor</span> <span class='ocrx_word' id='word_1_160' title='bbox 889 2808 1015 2892; x_wconf 90' lang='lat' dir='ltr'>sponte</span> <span class='ocrx_word' id='word_1_161' title='bbox 1044 2821 1130 2880; x_wconf 84' lang='lat' dir='ltr'>sua3</span> <span class='ocrx_word' id='word_1_162' title='bbox 1165 2821 1209 2866; x_wconf 88' lang='lat' dir='ltr'>ne</span> 
     </span>
     <span class='ocr_line' id='line_1_23' title="bbox 164 2911 1209 3007; baseline -0.002 -25"><span class='ocrx_word' id='word_1_163' title='bbox 164 2913 273 2982; x_wconf 88' lang='lat' dir='ltr'>semel</span> <span class='ocrx_word' id='word_1_164' title='bbox 308 2914 450 3005; x_wconf 90' lang='lat' dir='ltr'>quidem</span> <span class='ocrx_word' id='word_1_165' title='bbox 485 2915 551 2984; x_wconf 90' lang='lat' dir='ltr'>sibi</span> <span class='ocrx_word' id='word_1_166' title='bbox 587 2916 800 2986; x_wconf 89' lang='lat' dir='ltr'>curriculum</span> <span class='ocrx_word' id='word_1_167' title='bbox 835 2916 1015 3007; x_wconf 83' lang='lat' dir='ltr'>delegerit.</span> <span class='ocrx_word' id='word_1_168' title='bbox 1075 2911 1209 2980; x_wconf 86' lang='lat' dir='ltr'>Extitit</span> 
     </span>
     <span class='ocr_line' id='line_1_24' title="bbox 163 3028 1209 3124; baseline -0.001 -28"><span class='ocrx_word' id='word_1_169' title='bbox 163 3029 318 3118; x_wconf 90' lang='lat' dir='ltr'>quidem,</span> <span class='ocrx_word' id='word_1_170' title='bbox 332 3030 360 3099; x_wconf 91' lang='lat' dir='ltr'>si</span> <span class='ocrx_word' id='word_1_171' title='bbox 377 3029 464 3099; x_wconf 88' lang='lat' dir='ltr'>fides</span> <span class='ocrx_word' id='word_1_172' title='bbox 481 3032 670 3114; x_wconf 72' lang='lat' dir='ltr'>veteribus</span> <span class='ocrx_word' id='word_1_173' title='bbox 684 3055 813 3124; x_wconf 84' lang='lat' dir='ltr'>magna</span> <span class='ocrx_word' id='word_1_174' title='bbox 831 3033 882 3100; x_wconf 88' lang='lat' dir='ltr'>vis</span> <span class='ocrx_word' id='word_1_175' title='bbox 900 3032 1115 3100; x_wconf 89' lang='lat' dir='ltr'>diversomm</span> <span class='ocrx_word' id='word_1_176' title='bbox 1134 3028 1209 3118; x_wconf 91' lang='lat' dir='ltr'>ejus</span> 
     </span>
     <span class='ocr_line' id='line_1_25' title="bbox 164 3143 1211 3240; baseline -0.004 -26"><span class='ocrx_word' id='word_1_177' title='bbox 164 3146 370 3226; x_wconf 85' lang='lat' dir='ltr'>carminum,</span> <span class='ocrx_word' id='word_1_178' title='bbox 383 3144 528 3238; x_wconf 89' lang='lat' dir='ltr'>Hymni,</span> <span class='ocrx_word' id='word_1_179' title='bbox 544 3147 782 3240; x_wconf 86' lang='lat' dir='ltr'>Dithyrambi,</span> <span class='ocrx_word' id='word_1_180' title='bbox 795 3146 947 3226; x_wconf 88' lang='lat' dir='ltr'>Scholia,</span> <span class='ocrx_word' id='word_1_181' title='bbox 961 3145 1111 3226; x_wconf 84' lang='lat' dir='ltr'>Throni3</span> <span class='ocrx_word' id='word_1_182' title='bbox 1134 3143 1211 3233; x_wconf 91' lang='lat' dir='ltr'>qui-</span> 
     </span>
     <span class='ocr_line' id='line_1_26' title="bbox 164 3257 1211 3353; baseline -0.006 -23"><span class='ocrx_word' id='word_1_183' title='bbox 164 3261 230 3330; x_wconf 91' lang='lat' dir='ltr'>bus</span> <span class='ocrx_word' id='word_1_184' title='bbox 247 3262 275 3328; x_wconf 89' lang='lat' dir='ltr'>si</span> <span class='ocrx_word' id='word_1_185' title='bbox 296 3261 402 3330; x_wconf 90' lang='lat' dir='ltr'>hodie</span> <span class='ocrx_word' id='word_1_186' title='bbox 419 3262 624 3342; x_wconf 86' lang='lat' dir='ltr'>frueremur,</span> <span class='ocrx_word' id='word_1_187' title='bbox 642 3263 839 3353; x_wconf 89' lang='lat' dir='ltr'>promptius</span> <span class='ocrx_word' id='word_1_188' title='bbox 862 3260 953 3329; x_wconf 86' lang='lat' dir='ltr'>foret</span> <span class='ocrx_word' id='word_1_189' title='bbox 970 3257 1147 3349; x_wconf 89' lang='lat' dir='ltr'>judicium</span> <span class='ocrx_word' id='word_1_190' title='bbox 1166 3258 1211 3325; x_wconf 92' lang='lat' dir='ltr'>de</span> 
     </span>
     <span class='ocr_line' id='line_1_27' title="bbox 164 3372 1210 3469; baseline -0.005 -25"><span class='ocrx_word' id='word_1_191' title='bbox 164 3377 282 3445; x_wconf 87' lang='lat' dir='ltr'>animo</span> <span class='ocrx_word' id='word_1_192' title='bbox 300 3377 494 3447; x_wconf 79' lang='lat' dir='ltr'>scribentis,</span> <span class='ocrx_word' id='word_1_193' title='bbox 547 3377 644 3447; x_wconf 91' lang='lat' dir='ltr'>Nam</span> <span class='ocrx_word' id='word_1_194' title='bbox 664 3379 772 3469; x_wconf 87' lang='lat' dir='ltr'>juxta</span> <span class='ocrx_word' id='word_1_195' title='bbox 793 3399 933 3446; x_wconf 91' lang='lat' dir='ltr'>carmen</span> <span class='ocrx_word' id='word_1_196' title='bbox 958 3374 1046 3443; x_wconf 90' lang='lat' dir='ltr'>illud</span> <span class='ocrx_word' id='word_1_197' title='bbox 1068 3372 1210 3465; x_wconf 83' lang='lat' dir='ltr'>elegan-</span> 
     </span>
     <span class='ocr_line' id='line_1_28' title="bbox 165 3489 509 3573; baseline 0 -13"><span class='ocrx_word' id='word_1_198' title='bbox 165 3492 341 3561; x_wconf 88' lang='lat' dir='ltr'>tissimum</span> <span class='ocrx_word' id='word_1_199' title='bbox 358 3489 509 3573; x_wconf 87' lang='lat' dir='ltr'>Horatii,</span> 
     </span>
    </p>

    <p class='ocr_par' dir='ltr' id='par_1_4' title="bbox 374 3657 898 3902">
     <span class='ocr_line' id='line_1_29' title="bbox 376 3657 898 3730; baseline -0.002 -18"><span class='ocrx_word' id='word_1_200' title='bbox 376 3657 429 3712; x_wconf 88' lang='lat' dir='ltr'>Seu</span> <span class='ocrx_word' id='word_1_201' title='bbox 441 3676 488 3728; x_wconf 90' lang='lat' dir='ltr'>per</span> <span class='ocrx_word' id='word_1_202' title='bbox 499 3658 611 3712; x_wconf 88' lang='lat' dir='ltr'>audaces</span> <span class='ocrx_word' id='word_1_203' title='bbox 624 3677 694 3712; x_wconf 90' lang='lat' dir='ltr'>nova</span> <span class='ocrx_word' id='word_1_204' title='bbox 706 3658 898 3730; x_wconf 86' lang='lat' dir='ltr'>Dithyrambos</span> 
     </span>
     <span class='ocr_line' id='line_1_30' title="bbox 374 3744 877 3816; baseline -0.002 -18"><span class='ocrx_word' id='word_1_205' title='bbox 374 3745 464 3799; x_wconf 85' lang='lat' dir='ltr'>Verba</span> <span class='ocrx_word' id='word_1_206' title='bbox 476 3744 599 3808; x_wconf 86' lang='lat' dir='ltr'>devolvit,</span> <span class='ocrx_word' id='word_1_207' title='bbox 612 3747 783 3816; x_wconf 86' lang='lat' dir='ltr'>numerisque</span> <span class='ocrx_word' id='word_1_208' title='bbox 793 3745 877 3799; x_wconf 76' lang='lat' dir='ltr'>femur</span> 
     </span>
     <span class='ocr_line' id='line_1_31' title="bbox 586 3832 779 3902; baseline 0 -17"><span class='ocrx_word' id='word_1_209' title='bbox 586 3832 657 3902; x_wconf 82' lang='lat' dir='ltr'>Lege</span> <span class='ocrx_word' id='word_1_210' title='bbox 669 3833 779 3894; x_wconf 81' lang='lat' dir='ltr'>solutis3</span> 
     </span>
    </p>
   </div>
   <div class='ocr_carea' id='block_1_3' title="bbox 375 3916 860 4074">
    <p class='ocr_par' dir='ltr' id='par_1_5' title="bbox 375 3916 860 4074">
     <span class='ocr_line' id='line_1_32' title="bbox 375 3916 860 3989; baseline 0 -19"><span class='ocrx_word' id='word_1_211' title='bbox 375 3916 429 3971; x_wconf 92' lang='lat' dir='ltr'>Seu</span> <span class='ocrx_word' id='word_1_212' title='bbox 442 3918 515 3972; x_wconf 91' lang='lat' dir='ltr'>Deos</span> <span class='ocrx_word' id='word_1_213' title='bbox 527 3936 635 3989; x_wconf 85' lang='lat' dir='ltr'>regesve</span> <span class='ocrx_word' id='word_1_214' title='bbox 647 3919 726 3981; x_wconf 89' lang='lat' dir='ltr'>canit,</span> <span class='ocrx_word' id='word_1_215' title='bbox 741 3919 860 3971; x_wconf 89' lang='lat' dir='ltr'>Deorum</span> 
     </span>
     <span class='ocr_line' id='line_1_33' title="bbox 375 4002 556 4074; baseline -0.006 -18"><span class='ocrx_word' id='word_1_216' title='bbox 375 4002 539 4074; x_wconf 81' lang='lat' dir='ltr'>Sanguinem</span> <span class='ocrx_word' id='word_1_217' title='bbox 547 4026 556 4066; x_wconf 77' lang='lat'>3</span> 
     </span>
    </p>
   </div>
   <div class='ocr_carea' id='block_1_4' title="bbox 165 4165 1211 4374">
    <p class='ocr_par' dir='ltr' id='par_1_6' title="bbox 165 4165 1211 4374">
     <span class='ocr_line' id='line_1_34' title="bbox 165 4165 1211 4259; baseline 0.003 -25"><span class='ocrx_word' id='word_1_218' title='bbox 165 4165 291 4236; x_wconf 86' lang='lat' dir='ltr'>videtis</span> <span class='ocrx_word' id='word_1_219' title='bbox 315 4189 546 4259; x_wconf 85' lang='lat' dir='ltr'>magnacum</span> <span class='ocrx_word' id='word_1_220' title='bbox 573 4169 736 4238; x_wconf 88' lang='lat' dir='ltr'>libertate</span> <span class='ocrx_word' id='word_1_221' title='bbox 754 4190 899 4238; x_wconf 91' lang='lat' dir='ltr'>usurum</span> <span class='ocrx_word' id='word_1_222' title='bbox 920 4167 972 4237; x_wconf 88' lang='lat' dir='ltr'>vel</span> <span class='ocrx_word' id='word_1_223' title='bbox 991 4169 1027 4236; x_wconf 91' lang='lat' dir='ltr'>in</span> <span class='ocrx_word' id='word_1_224' title='bbox 1053 4169 1211 4246; x_wconf 87' lang='lat' dir='ltr'>numeris</span> 
     </span>
     <span class='ocr_line' id='line_1_35' title="bbox 165 4268 1208 4374; baseline 0.002 -25"><span class='ocrx_word' id='word_1_225' title='bbox 165 4268 220 4365; x_wconf 80' lang='lat' dir='ltr'>vel</span> <span class='ocrx_word' id='word_1_226' title='bbox 246 4280 283 4349; x_wconf 93' lang='lat' dir='ltr'>in</span> <span class='ocrx_word' id='word_1_227' title='bbox 308 4292 526 4374; x_wconf 82' lang='lat' dir='ltr'>argumento.</span> <span class='ocrx_word' id='word_1_228' title='bbox 580 4284 708 4353; x_wconf 87' lang='lat' dir='ltr'>Postea</span> <span class='ocrx_word' id='word_1_229' title='bbox 729 4307 935 4374; x_wconf 89' lang='lat' dir='ltr'>veroquam</span> <span class='ocrx_word' id='word_1_230' title='bbox 959 4293 1106 4353; x_wconf 87' lang='lat' dir='ltr'>ventum</span> <span class='ocrx_word' id='word_1_231' title='bbox 1133 4291 1208 4352; x_wconf 88' lang='lat' dir='ltr'>erat</span> 
     </span>
    </p>
   </div>
   <div class='ocr_carea' id='block_1_5' title="bbox 0 0 1388 4876">
    <p class='ocr_par' dir='ltr' id='par_1_7' title="bbox 0 0 1388 4876">
     <span class='ocr_line' id='line_1_36' title="bbox 0 0 1388 4876; baseline 0 0"><span class='ocrx_word' id='word_1_232' title='bbox 0 0 1388 4876; x_wconf 95' lang='lat' dir='ltr'> </span> 
     </span>
    </p>
   </div>
  </div>
 </body>
</html>
