2768 4876
174 323 239 386 540
306 320 465 386 Puellam
479 321 609 386 radokm
622 343 689 386 cum
705 322 821 406 ἆφοβίᾳ
834 320 984 407 maylrnpi.
1010 345 1105 385 rano.
1116 345 1213 386 xxvn.

222 493 336 586 Atqui
359 495 427 564 hoo
450 496 536 564 illud
562 503 637 565 erat
655 496 718 581 (sic
740 496 835 564 enim
860 496 1143 587 respondendum
1164 519 1215 565 ar-

171 607 283 678 bitror
307 609 508 701 hujusmodi
532 609 735 702 scrupulum
759 611 1011 703 injicientibus)
1032 609 1128 700 quod
1153 632 1215 701 pu-

171 732 284 794 taram
302 725 377 795 fieri
395 725 541 819 consilio
566 725 753 817 plusquam
779 727 943 806 humano,
962 726 1071 817 siquis
1088 725 1215 794 Poeta-

171 862 260 922 rum,
278 849 319 909 ut
337 839 509 911 Pindarus
532 850 661 923 noster,
679 842 870 912 servaverit
894 843 931 910 in
957 841 1063 911 simili
1089 841 1216 911 severi·

170 965 247 1025 tate
263 956 414 1048 simplex
437 957 526 1026 illud
547 965 584 1027 et
606 959 776 1040 nativum,
794 967 901 1049 atque
918 956 974 1046 (ut
990 958 1025 1026 id
1045 958 1141 1048 quod
1161 979 1215 1026 res

171 1081 225 1140 est
248 1069 378 1163 dicam)
402 1071 547 1162 puerile.
599 1071 706 1142 Certe
724 1073 782 1164 qui
809 1072 878 1140 isto
901 1071 1009 1140 fuerit
1033 1073 1162 1154 animo,
1186 1073 1214 1140 is

170 1208 313 1256 necesse
336 1196 389 1257 est
417 1186 523 1280 longo
550 1188 735 1258 intervallo
760 1188 928 1280 despiciat
951 1187 1078 1281 vulgus
1102 1187 1216 1257 homi·

169 1324 265 1383 num,
283 1304 482 1395 passimque
499 1304 629 1386 videat,

379 1473 475 1528 Errare
486 1482 565 1546 atque
576 1473 647 1528 viam
658 1474 777 1544 palantes
789 1491 906 1545 quaerere
918 1473 989 1538 ritae,

381 1559 488 1613 Oertare
499 1559 615 1630 ingenio,
626 1559 785 1613 contendere
796 1559 943 1624 nobilitate,

379 1646 479 1701 Noctes
491 1654 570 1718 atque
582 1645 638 1700 dies
651 1645 699 1699 niti
711 1654 853 1716 praestante
864 1645 955 1700 labore

379 1733 423 1787 Ad
435 1752 554 1788 summas
567 1751 700 1804 emergere
713 1750 787 1804 opes,
798 1751 941 1805 rerumque
952 1734 1040 1804 potiri.

220 1881 279 1952 Ne
308 1881 445 1965 multa;
486 1884 615 1953 scimus
649 1905 782 1962 omnes
813 1881 974 1951 extitisse
1004 1879 1097 1948 viros
1131 1880 1214 1950 forti

168 2019 366 2091 magnoque
388 1999 516 2081 animo,
535 1999 595 2090 qui
621 2007 695 2068 tam
720 1998 793 2067 vita
810 2020 916 2088 quam
941 2005 1055 2065 morte
1081 1995 1215 2066 festivi-

167 2121 279 2183 tatem
295 2115 469 2206 quandam
488 2138 559 2206 prae
577 2138 615 2185 se
632 2113 789 2195 tulerint,
805 2113 960 2183 ineuntis
975 2113 1089 2182 aetatis
1102 2112 1214 2182 ferme

167 2231 362 2321 propriam:
398 2254 547 2322 quornm
582 2229 747 2322 exempla
776 2252 858 2299 cum
893 2228 1034 2300 intueor
1063 2237 1101 2298 et
1132 2251 1216 2298 con-

167 2347 329 2440 templor,
355 2371 426 2417 non
452 2371 594 2441 possum
621 2350 706 2440 quin
727 2349 898 2440 judicem,
925 2346 1142 2417 hilaritatem
1170 2347 1216 2418 is-

168 2470 243 2533 tam
263 2488 344 2534 cum
365 2466 440 2557 ipsa
461 2464 523 2535 illa
544 2463 708 2556 praeclara
725 2463 933 2533 fortitudine
950 2463 1111 2554 proxime
1131 2485 1215 2533 con·

161 2579 276 2672 jungi.

217 2692 340 2787 Atque
364 2695 459 2765 haud
485 2697 557 2765 scio
583 2720 628 2766 an
653 2696 723 2765 huo
749 2696 896 2766 fortasse
921 2697 1126 2788 respexerit,
1151 2694 1210 2767 ali·

167 2834 237 2902 qua
265 2811 389 2881 saltem
425 2835 470 2881 ex
500 2820 611 2903 parte,
643 2813 781 2881 divinus
810 2811 872 2881 ille
902 2835 1026 2895 sermo,
1058 2814 1118 2904 qui
1149 2836 1213 2883 nos

166 2928 309 2997 edocuit
336 2930 512 3030 egregiam
537 2928 726 2998 infantium
752 2951 893 3019 quoque
920 2946 1109 3020 puerorum
1137 2929 1214 3023 dig-

166 3038 316 3108 nitatem
342 3050 380 3109 et
406 3040 531 3111 decus:
563 3063 692 3132 nempe
718 3041 793 3109 “ad
821 3040 918 3120 tales,
939 3042 1021 3132 jure
1047 3041 1211 3132 quodam,

165 3175 339 3224 summam
370 3156 565 3226 divinarum
596 3157 754 3225 omnium
791 3164 828 3226 et
862 3156 1058 3227 caelestium
1093 3181 1212 3227 rerum

166 3270 342 3359 pertinere
356 3272 401 3338 ³.”

217 3384 287 3454 Sed
306 3387 489 3455 redeamus
507 3387 550 3455 ad
566 3385 770 3457 Pindarica:
799 3409 946 3478 quorum
966 3389 1139 3480 rationem
1151 3387 1211 3478 qui

166 3498 252 3569 velit
268 3501 464 3570 accuratius
482 3503 658 3592 expedire,
672 3503 701 3572 is
719 3526 845 3572 censeo
868 3504 978 3594 probe
999 3512 1120 3574 teneat
1138 3505 1211 3573 vim

165 3616 356 3685 senectutis
382 3615 577 3707 tranquilla
603 3639 644 3687 ac
670 3616 789 3708 paullo
814 3617 1006 3688 hilarioris:
1033 3642 1210 3711 quaecum

164 3732 270 3802 nullis
289 3734 428 3824 jamdiu
451 3733 602 3804 stimulis
620 3736 665 3804 sit
684 3736 837 3805 obnoxia
862 3759 928 3806 nec
951 3738 1124 3828 cupidinis
1151 3760 1212 3806 ne-

164 3868 233 3939 que
253 3848 482 3941 aegritudinis,
504 3850 662 3918 nondum
689 3860 809 3921 tamen
835 3874 979 3920 suavem
999 3851 1212 3942 jucundam-

163 3987 233 4054 que
270 3966 431 4056 pueritiae
470 3966 677 4035 memoriam
717 3990 738 4037 a
775 3990 812 4036 se
851 3989 991 4059 prorsus
1028 3967 1209 4037 dimiserit.

165 4078 297 4150 Nonne
321 4083 561 4173 paratissimus
587 4082 632 4152 ad
660 4084 773 4152 minas
798 4105 920 4152 omnes
946 4089 1054 4173 atque
1080 4082 1124 4152 ad
1151 4082 1213 4152 ad·

561 4341 575 4370 ⁸
588 4332 616 4386 S.
628 4332 713 4386 Marc.
727 4351 752 4386 x.
770 4350 810 4398 14.
