2768 4876
119 336 314 379 rummxxvr.
329 314 568 400 Cornpoaiporao
580 315 755 378 Pindarico
767 335 834 377 cum
844 314 980 376 Alcudae
992 325 1092 378 cautu.
1113 317 1171 379 521

124 484 283 556 Videtur
311 482 473 554 intulisse
502 484 663 555 festivam
695 485 870 575 quandam
903 485 1069 580 εἰρωνείαν,
1096 508 1178 554 cum

129 598 380 694 Nympharum
399 601 579 703 ordinibus
597 599 785 695 Πρόφασιν
802 600 898 669 illam
918 601 1143 671 adscriberet.

177 718 296 802 Quale
309 719 453 787 demum
467 719 565 800 illud,
578 719 671 810 quod
685 719 890 788 familiarius
903 719 977 810 agit
990 719 1179 810 aliquando

129 835 309 926 cumipse
327 833 443 916 Musa,
462 834 571 904 filiam
598 835 822 916 nominando,
842 857 948 924 quam
974 836 1081 903 modo
1106 858 1181 903 ma-

130 962 222 1021 trem
245 946 523 1042 appellaverati!

344 1103 409 1175 ἄρχε
422 1103 444 1157 δ’
457 1105 567 1174 οὐρανοῦ
578 1103 747 1175 πολυνεφέλα
760 1104 868 1174 κρέοντι,
882 1103 1025 1174 θύγατερ,

345 1190 450 1258 δόκιμον
461 1187 547 1257 ὕμνον.

133 1322 364 1416 Interpretes,
389 1325 512 1406 fateor,
538 1326 576 1393 in
603 1323 671 1394 alia
701 1324 820 1392 omnia
850 1323 1028 1392 abierunt:
1059 1347 1180 1392 verum

133 1441 255 1531 quidni
284 1442 444 1511 decuerit
467 1440 671 1522 Pindarum,
691 1441 766 1531 jam
794 1439 979 1522 seniorem,
998 1462 1078 1507 oum
1104 1437 1183 1509 Dea

134 1578 276 1647 quoque
302 1555 425 1624 ludere
450 1557 628 1635 audacius,
654 1556 754 1646 cujus
781 1557 1035 1624 consuetudine
1061 1554 1183 1624 multis

129 1673 207 1764 jam
224 1672 326 1741 aunis
343 1679 420 1740 erat
436 1672 544 1742 usus?

183 1785 350 1878 Denique
366 1787 496 1877 (dicam
511 1788 616 1868 enim,
628 1788 695 1856 etsi
709 1787 800 1856 forte
816 1785 967 1855 levicula
980 1811 1035 1856 res
1052 1812 1185 1859 nonne-

137 1902 226 1969 mini
244 1902 421 1989 videatur)
439 1902 583 1970 fuerunt
601 1903 660 1993 qui
688 1903 739 1971 ita
761 1904 806 1973 de
830 1901 983 1971 Pindaro
1003 1904 1184 1985 sentirent,

138 2026 178 2086 ut
197 2017 336 2107 quoties
359 2018 403 2086 de
428 2039 558 2109 genere
578 2017 654 2108 ejus
673 2018 869 2085 carminum
893 2018 1130 2107 disputabant,
1148 2028 1186 2088 et

139 2131 215 2223 (qui
233 2155 310 2201 mos
330 2143 385 2201 est
403 2132 554 2203 Poeseos
571 2133 782 2224 amantium)
797 2133 1000 2224 quaerebant
1018 2136 1185 2224 quasdam

137 2247 397 2330 similitudines,
408 2270 489 2317 cum
501 2248 644 2319 Alauda
661 2248 883 2339 potissimum
902 2248 1095 2338 comparari
1114 2246 1187 2316 vel-

138 2363 214 2432 lent
233 2361 438 2434 Pindariea:
465 2365 595 2456 quippe
613 2387 690 2454 quae
711 2363 849 2432 avicula
874 2387 948 2454 prae
974 2364 1109 2433 caeteris
1135 2385 1189 2430 re-

138 2478 230 2547 ferat
248 2479 507 2569 quodammodo
531 2478 665 2570 Lyricae
688 2477 841 2547 Poeseos
866 2486 1038 2559 tenorem,
1064 2476 1186 2558 libero,

139 2593 232 2674 laeto,
250 2595 396 2684 perenni
415 2601 532 2664 cautu.
586 2594 725 2663 Deinde
743 2595 837 2683 quod
856 2592 997 2663 Alauda
1019 2617 1064 2661 ne
1084 2593 1188 2662 nudis

139 2708 286 2800 quidem
312 2717 348 2779 et
374 2710 554 2779 arentibus
575 2709 656 2779 silet
675 2710 818 2801 campis,
837 2710 898 2778 sed
916 2733 936 2778 e
954 2708 1189 2800 qualicunque

139 2825 225 2894 nido
246 2848 328 2894 cum
354 2826 483 2917 gaudio
504 2833 541 2894 et
562 2824 785 2895 cantionibus
806 2825 946 2895 evolat:
973 2825 1077 2916 plane
1098 2824 1190 2892 sicut

141 2937 316 3010 Pindarus
334 2963 380 3008 ex
398 2941 508 3008 initiis
525 2939 791 3031 augustissimis
804 2949 841 3007 et
855 2940 897 3026 (si
916 2962 970 3009 res
988 2940 1039 3007 ita
1052 2937 1189 3025 tulerit)

141 3055 405 3137 obscurissimis,
433 3056 470 3123 in
498 3054 647 3135 excelsa,
671 3054 909 3146 praeclaraque
935 3055 1053 3122 omnia
1079 3075 1192 3122 assur-

141 3193 227 3264 gere
240 3179 350 3241 amat.
403 3170 588 3240 Postremo
605 3171 699 3260 quod
727 3193 768 3238 ea
790 3169 863 3238 sola
884 3192 930 3238 ex
953 3171 1076 3239 avibus
1099 3170 1193 3238 inter

143 3286 335 3355 volandum
349 3309 475 3355 canere
493 3285 602 3355 solet:
626 3309 695 3376 qua
712 3309 749 3354 re
768 3287 902 3376 optime
919 3286 1060 3355 videtur
1077 3286 1193 3376 expri-

142 3422 242 3469 mere
267 3399 444 3490 peculiare
462 3400 497 3469 id
515 3423 556 3469 ac
575 3402 754 3491 proprium
774 3400 928 3481 Pindari,
953 3402 1047 3491 quod
1075 3403 1191 3492 ipsum

143 3514 244 3596 illud,
266 3515 429 3598 Cautare,
453 3517 490 3584 in
516 3516 650 3585 deliciis
673 3515 792 3596 habet,
815 3515 859 3584 de
885 3529 1094 3607 argumento
1120 3537 1191 3583 nou

143 3631 233 3700 adeo
251 3630 432 3701 sollicitus.
486 3632 623 3722 Itaque,
641 3632 735 3722 qnod
753 3632 906 3722 primum
925 3631 958 3699 ei
976 3653 1115 3720 cunque
1134 3652 1192 3698 ve-

142 3746 236 3815 nerit
258 3747 295 3815 in
322 3770 457 3828 manus,
481 3747 517 3815 id
544 3747 609 3817 sibi
638 3747 746 3816 sumit
772 3747 935 3828 initium3
964 3747 1060 3814 miris
1086 3746 1192 3814 modo

142 3860 356 3932 flexionibus
382 3864 567 3945 variatum,
593 3872 631 3931 et
654 3862 927 3952 exquisitissime
954 3869 1191 3953 temperatum

142 3999 205 4068 pro
223 3999 261 4045 re
279 3999 321 4046 ac
338 3986 510 4068 tempore.

592 4211 686 4264 ἰΝεννι.
701 4229 726 4280 3.
743 4213 783 4265 16.
