2768 4876
163 347 227 410 700
473 345 649 408 Lucretium
663 365 722 408 non
736 343 820 407 modo
835 344 915 419 oitoe,
1005 363 1104 405 rann.
1116 363 1215 404 xxxv.

306 507 410 563 oscitat
421 509 563 577 extemplo,
575 507 661 579 tetigit
673 524 757 579 quum
768 508 861 562 limina
872 508 950 570 villae,

305 596 361 648 Aut
373 594 428 649 abit
439 593 467 647 in
481 610 607 648 somnum
620 594 718 662 gravia
731 601 809 665 atque
821 594 919 648 oblivia
930 593 1037 664 quoerit,

304 681 361 733 Aut
372 678 451 733 otiam
463 697 608 750 properans
620 679 715 734 urbem
727 680 800 749 petit,
813 688 892 751 atque
903 679 1003 733 revisit.

216 793 422 863 Communis
437 793 597 884 profecto
611 793 749 862 dicendi
763 792 873 875 color,
884 801 921 862 et
935 801 955 831 ‘⁶
964 792 1093 884 dignus
1107 815 1216 885 prope

166 908 300 987 socco,”
318 918 359 977 ut
385 909 435 977 ait
462 907 652 978 Horatius:
683 910 770 979 adeo
795 931 877 978 vera
902 931 957 978 res
982 907 1041 1000 agi
1065 907 1217 988 videtur,

167 1045 326 1115 veraeque
339 1045 443 1093 voces
456 1023 534 1114 ejici
552 1045 598 1092 ex
615 1024 688 1092 imo
705 1030 859 1115 pectore.
899 1020 1080 1092 Grandius
1097 1021 1217 1090 nescio

166 1140 250 1229 quid
269 1147 394 1209 sonant
413 1134 653 1231 Sophoclea‘¹:

377 1267 411 1335 μὴ
424 1268 504 1338 φῦναι
516 1267 561 1321 τὸν
573 1264 672 1321 ἅπαντα

377 1357 432 1423 νικᾷ
444 1355 534 1424 λόγον,
546 1355 586 1416 τὸ,
599 1352 631 1416 δ’,
644 1353 699 1408 ἐπεὶ
711 1356 792 1424 φανῇ,

377 1442 454 1510 βῆναι
466 1441 556 1504 κεῖθεν,
570 1438 630 1495 ὅθεν
640 1461 690 1510 περ
702 1441 766 1509 ἥκει,

377 1526 447 1580 πολὺ
459 1524 587 1595 δεύτερον,
600 1527 634 1583 ὣς
645 1525 766 1596 τάχιστα.

378 1612 412 1667 ὡς
424 1610 473 1666 εὖτ’
486 1609 517 1666 ἂν
528 1613 558 1665 τὸ
571 1610 628 1666 νέον
639 1615 709 1682 παρῇ

378 1696 477 1768 κούφας
489 1696 641 1768 demutans
652 1696 746 1769 Φέρον,

378 1784 417 1839 τίς
427 1783 551 1854 πλάγχθη
563 1782 731 1854 πολύμοχθος
742 1785 808 1855 ἕξοις

380 1871 419 1926 τίς
431 1870 462 1924 οὔ
473 1871 591 1938 καμάτων
602 1871 640 1924 ἔνι
649 1892 657 1934 ;

379 1957 466 2027 φόνοι,
479 1955 595 2020 στάσεις,
608 1957 668 2025 ἔρις,
681 1955 770 2027 μα’χαι,

380 2042 422 2096 καὶ
434 2041 539 2113 φθόνος·
560 2044 630 2096 τότε
643 2042 820 2114 κατάμεμπτον

381 2127 536 2200 ε’πιλέλογχε
547 2127 672 2198 πύματον,

381 2214 497 2284 ἀκρατὲς,
508 2215 697 2286 ἀπροσόμιλον,

380 2301 461 2369 γῆρας
472 2297 579 2370 ἄφιλον,
591 2297 632 2354 ἵνα
642 2301 778 2368 πρόπαντα

381 2384 444 2438 κακὰ
456 2390 537 2439 κακῶν
549 2385 668 2453 ξυνοικεῖ.

172 2498 278 2580 Huic,
296 2508 337 2567 ut
355 2500 504 2581 videtur,
522 2499 668 2569 minime
685 2498 801 2568 vitalis
822 2505 876 2567 est
894 2496 978 2579 vita,
996 2505 1143 2588 propter
1166 2497 1217 2565 iu·

171 2614 315 2685 stabiles
342 2614 509 2684 Fortunae
540 2615 645 2696 lusus,
673 2627 710 2684 et
738 2614 831 2684 mala
856 2615 1075 2684 extrinsecus
1103 2612 1218 2681 immi-

171 2731 301 2799 nentia.
355 2731 458 2812 Quod
486 2741 617 2810 contra,
648 2730 815 2799 Lucretio
840 2731 972 2820 judice,
1001 2728 1089 2797 nihil
1120 2729 1156 2795 in
1183 2749 1219 2795 se

171 2845 289 2924 habet,
318 2847 412 2936 quod
446 2869 534 2936 pure
568 2846 773 2936 tranquillet
807 2845 974 2926 animum,
1002 2867 1048 2913 ne
1082 2841 1219 2935 placida

171 2962 316 3051 quidem
342 2971 378 3031 et
401 2962 521 3052 quieta
547 2964 622 3053 ejus
647 2962 814 3030 conditio.
866 2959 1034 3030 Tenerius
1059 2959 1121 3029 illa
1139 2959 1220 3029 Vir·

171 3077 336 3168 gissanae,

315 3208 425 3277 Optima
436 3225 549 3279 quaeque
562 3206 617 3260 dies
629 3206 733 3260 miseris
746 3205 901 3259 mortalibus
914 3204 964 3260 aevi

314 3295 403 3348 Prima
414 3296 492 3366 fugit,
503 3296 620 3349 subeunt
631 3294 718 3348 morbi
731 3295 866 3365 tristisque
877 3299 1008 3352 senectus,

314 3380 349 3433 Et
361 3381 436 3434 labor
449 3391 475 3435 et
487 3381 561 3436 durae
573 3382 641 3451 rapit
653 3381 820 3434 inclementia
832 3379 933 3434 mortis.

174 3491 274 3560 Nihil
303 3515 450 3583 usquam
473 3494 669 3586 elegantius
696 3494 850 3575 dictum;
878 3492 939 3561 sed
963 3511 1086 3558 vereor
1112 3498 1154 3557 ut
1176 3489 1219 3559 ad

172 3606 343 3701 ἐναργείαν
362 3606 610 3678 Lucretianam
628 3609 808 3682 accedant.
851 3607 942 3676 Rem
960 3605 1220 3696 quodammodo

172 3723 367 3816 generatim
386 3725 532 3814 exponit
544 3724 726 3816 Virgilius,
742 3723 939 3815 philosophi
957 3744 1075 3792 more:
1101 3730 1221 3790 nostro

174 3839 324 3917 dicente,
343 3837 542 3930 legentibus
560 3839 595 3906 in
615 3838 735 3908 oculos
752 3838 910 3908 incurrit.

224 3953 357 4022 Nonne
374 3953 517 4021 demum
541 3955 702 4044 proxima
726 3955 868 4045 pietatis
886 3962 977 4034 sunt,
995 3950 1125 4043 quibus
1143 3974 1222 4020 cau-

174 4091 246 4136 sam
265 4065 349 4135 mali
367 4068 458 4136 tanti
476 4069 682 4137 confirmare
700 4071 816 4162 pergit
827 4065 860 4138 f?

315 4194 376 4248 lloc
389 4212 417 4248 se
429 4196 540 4267 quisque
553 4196 634 4250 modo
646 4196 730 4266 fugit:
750 4205 785 4261 at,
799 4215 879 4268 quem
892 4196 998 4258 scilicet,
1012 4204 1042 4248 ut
1055 4194 1093 4256 fit,

209 4337 298 4392 dOEd.
315 4338 370 4392 Col.
387 4339 462 4407 1289.
605 4347 617 4376 θ
633 4339 726 4407 Georp.
739 4355 765 4408 3.
780 4338 822 4391 66.
966 4339 975 4376 ἲ
991 4337 1071 4390 Lucr.
1084 4354 1108 4407 3.
1127 4338 1201 4391 1081.
