2768 4876
260 1336 616 1422 PRAELECTIO
648 1333 1130 1429 QUADRAGESIMA.

167 1854 318 1928 Afferuntur
335 1876 427 1923 curun,
445 1877 492 1912 eur
509 1859 537 1912 in
557 1857 667 1927 Virpilio
688 1856 768 1911 series
784 1863 874 1909 nostm
893 1855 1082 1909 Primurioruro
1102 1853 1212 1908 deuant.

201 1946 391 2016 Diroeptuntur
408 1962 497 2014 puuoo
516 1944 547 1997 dr
571 1945 693 1997 Horatio.
731 1943 846 1996 Multum
869 1941 982 1995 oulumse
1004 1940 1075 2010 opud
1092 1947 1213 2010 posteros

204 2030 351 2100 Vrrpilium,
367 2031 513 2100 proesmtim
537 2029 708 2092 Christianos,
729 2029 758 2081 in
781 2029 848 2080 lruno
870 2044 950 2097 usque
974 2025 1056 2079 diem:
1083 2045 1135 2080 non
1157 2028 1213 2081 sine

201 2108 323 2170 Numinis
334 2117 451 2170 oonsilio.
488 2115 573 2169 Porro
583 2114 715 2168 Poetioom
726 2132 822 2168 ornnem
833 2112 946 2167 Verituti
955 2113 1044 2166 Sueroe
1057 2113 1132 2182 quusi
1144 2101 1212 2183 quru-

200 2201 260 2254 dum
272 2201 404 2271 preludio
421 2201 499 2261 durh
519 2199 665 2271 Prophetas
677 2199 803 2263 Hebroeis,
814 2199 911 2253 Poetae
925 2198 1057 2252 Gentibus.
1096 2198 1167 2258 Quid
1182 2198 1214 2252 de

200 2305 231 2341 eu
255 2305 284 2342 re
303 2289 430 2341 renormat
450 2288 543 2341 Sancti
559 2287 662 2341 Patres.
699 2286 811 2340 Ponitur
830 2287 968 2356 enenplum
987 2303 1001 2338 e
1018 2285 1212 2338 recentioribus.

200 2374 320 2444 Denique
330 2375 419 2427 multis
434 2374 578 2427 rationibus
594 2374 722 2443 arquitur,
735 2372 848 2432 Poetiooe
863 2390 919 2426 oum
934 2372 1079 2442 lbeolopicn
1095 2389 1213 2441 rnupnnrn

196 2467 308 2530 purtem,
321 2460 463 2513 eommunia
467 2460 532 2527 sore
544 2466 570 2512 et
580 2459 646 2513 vitiu
658 2465 684 2511 et
695 2458 815 2512 remedio.

261 2654 369 2726 UOD
397 2674 464 2726 usu
488 2656 578 2726 solet
607 2655 677 2726 illis
702 2657 831 2740 venire,
855 2654 915 2748 qui
941 2654 1144 2747 praeolamm
1172 2677 1213 2725 ae

284 2793 453 2864 magnum
481 2771 622 2862 aliquod
651 2772 842 2864 imparibus
869 2782 952 2841 suut
980 2771 1131 2864 aggressi
1164 2771 1214 2839 vi-

166 2885 275 2969 ribus,
309 2908 439 2977 nempe
472 2897 514 2956 ut
547 2909 624 2959 rem
659 2888 839 2958 fateantur
869 2886 974 2980 longe
1008 2885 1112 2955 aliam
1147 2886 1213 2956 sibi

167 3000 322 3082 cessisse,
335 3007 443 3092 atque
456 3000 522 3092 ipsi
540 3010 785 3093 speraverant;
811 3025 892 3074 uum
906 3012 944 3071 et
957 3000 1074 3098 ampla
1091 2999 1214 3091 saepius

161 3115 285 3207 jejune
303 3138 340 3186 se
358 3125 526 3187 tractasse
550 3119 714 3200 sentiant,
732 3128 770 3187 et
790 3117 938 3209 pulchra
960 3117 1157 3197 invenuste,
1176 3123 1214 3184 et

166 3232 313 3324 grandia
332 3231 533 3303 humiliter:
560 3233 597 3302 id
616 3234 780 3325 equidem
805 3233 856 3302 ita
873 3233 1018 3302 concedi
1036 3231 1154 3314 velim,
1172 3240 1214 3299 ut

167 3346 277 3417 finitis
297 3348 374 3438 jam
397 3346 574 3419 laboribus
598 3350 634 3418 in
663 3350 787 3419 eadem
804 3358 925 3419 tamen
946 3349 1013 3417 sim
1038 3347 1215 3418 sententia

168 3460 212 3530 de
241 3481 381 3531 summa
409 3464 459 3531 rei
490 3463 651 3554 poetioae.
704 3458 790 3533 Non
815 3486 884 3555 quo
910 3472 1046 3555 putem,
1069 3459 1142 3531 ulla
1167 3482 1213 3528 ex

167 3584 268 3666 purte
291 3578 389 3670 tangi
406 3579 545 3649 anobis
565 3600 677 3672 genus
703 3579 818 3671 ipsum
836 3576 1213 3677 formamquepdivinae

167 3692 275 3762 artis:
302 3693 404 3763 video
428 3718 488 3764 me
513 3695 687 3765 laborasse
709 3697 815 3765 modo
838 3695 874 3764 in
897 3693 1036 3762 minuto
1060 3692 1213 3783 quodam

168 3807 298 3901 angulo
322 3806 499 3880 latissime
520 3811 719 3903 provinciae,
737 3832 853 3901 neque
873 3809 1000 3879 Poesin
1017 3809 1128 3899 ipsam
1153 3807 1215 3875 do-

169 3923 292 4005 cuisse,
319 3925 379 3994 sed
401 3925 518 4017 potius
538 3925 667 3995 indicia
692 3927 852 4017 quaedam
879 3936 916 3995 et
939 3925 1105 4016 adjuncta
1126 3922 1216 3993 Poe·

168 4060 258 4108 seos.
314 4038 410 4109 Nam
434 4052 620 4132 postquam
644 4040 898 4124 intellexeram,
918 4041 1066 4111 Poetica
1089 4040 1215 4120 vocam,

168 4154 242 4224 sive
270 4155 307 4223 in
341 4156 521 4226 communi
546 4157 629 4240 vita,
653 4159 727 4227 sive
753 4159 789 4226 in
817 4158 955 4227 oaeteris
980 4158 1114 4228 artibus
1135 4179 1215 4247 quae

168 4266 345 4337 habentur
368 4269 541 4362 ingenuae',
568 4294 610 4342 ea
632 4274 918 4364 praesertimque
944 4273 1118 4343 fervidum
1141 4269 1215 4362 ple-
