<?xml version="1.0" encoding="UTF-8"?>
<!DOCTYPE html PUBLIC "-//W3C//DTD XHTML 1.0 Transitional//EN"
    "http://www.w3.org/TR/xhtml1/DTD/xhtml1-transitional.dtd">
<html xmlns="http://www.w3.org/1999/xhtml" xml:lang="en" lang="en">
 <head>
  <title>
</title>
<meta http-equiv="Content-Type" content="text/html;charset=utf-8" />
  <meta name='ocr-system' content='tesseract 3.04.00' />
  <meta name='ocr-capabilities' content='ocr_page ocr_carea ocr_par ocr_line ocrx_word'/>
</head>
<body>
  <div class='ocr_page' id='page_1' title='image "./depoeticaevimed00keblgoog_0415.png"; bbox 0 0 2768 4876; ppageno 0'>
   <div class='ocr_carea' id='block_1_1' title="bbox 177 313 1221 400">
    <p class='ocr_par' dir='ltr' id='par_1_1' title="bbox 177 313 1221 400">
     <span class='ocr_line' id='line_1_1' title="bbox 177 313 1221 400; baseline -0.006 -18"><span class='ocrx_word' id='word_1_1' title='bbox 177 317 241 385; x_wconf 88' lang='grc'>790</span> <span class='ocrx_word' id='word_1_2' title='bbox 266 315 403 400; x_wconf 68' lang='lat' dir='ltr'>Siripalla</span> <span class='ocrx_word' id='word_1_3' title='bbox 416 313 512 380; x_wconf 73' lang='lat' dir='ltr'>verbis</span> <span class='ocrx_word' id='word_1_4' title='bbox 527 315 620 398; x_wconf 65' lang='lat' dir='ltr'>repeti</span> <span class='ocrx_word' id='word_1_5' title='bbox 627 315 774 400; x_wconf 73' lang='lat' dir='ltr'>paaritioe</span> <span class='ocrx_word' id='word_1_6' title='bbox 788 315 979 379; x_wconf 73' lang='lat' dir='ltr'>memoriam:</span> <span class='ocrx_word' id='word_1_7' title='bbox 1001 336 1098 378; x_wconf 75' lang='lat' dir='ltr'>aann.</span> <span class='ocrx_word' id='word_1_8' title='bbox 1109 337 1221 377; x_wconf 81' lang='lat' dir='ltr'>xxxrx.</span> 
     </span>
    </p>
   </div>
   <div class='ocr_carea' id='block_1_2' title="bbox 169 486 1222 2077">
    <p class='ocr_par' dir='ltr' id='par_1_2' title="bbox 169 486 1222 2077">
     <span class='ocr_line' id='line_1_2' title="bbox 175 486 1222 563; baseline -0.002 -5"><span class='ocrx_word' id='word_1_9' title='bbox 175 498 213 558; x_wconf 89' lang='lat' dir='ltr'>et</span> <span class='ocrx_word' id='word_1_10' title='bbox 238 487 353 558; x_wconf 90' lang='lat' dir='ltr'>stabili</span> <span class='ocrx_word' id='word_1_11' title='bbox 372 510 475 558; x_wconf 90' lang='lat' dir='ltr'>eursu</span> <span class='ocrx_word' id='word_1_12' title='bbox 493 487 680 563; x_wconf 82' lang='lat' dir='ltr'>collucent.</span> <span class='ocrx_word' id='word_1_13' title='bbox 699 541 708 557; x_wconf 86' lang='lat'><strong>.</strong></span> <span class='ocrx_word' id='word_1_14' title='bbox 728 540 736 557; x_wconf 90' lang='lat'><strong><em>.</em></strong></span> <span class='ocrx_word' id='word_1_15' title='bbox 753 541 761 556; x_wconf 92' lang='lat'><strong>.</strong></span> <span class='ocrx_word' id='word_1_16' title='bbox 776 487 855 556; x_wconf 89' lang='lat' dir='ltr'>Hae</span> <span class='ocrx_word' id='word_1_17' title='bbox 872 495 993 557; x_wconf 89' lang='lat' dir='ltr'>mente</span> <span class='ocrx_word' id='word_1_18' title='bbox 1017 487 1134 556; x_wconf 81' lang='lat' dir='ltr'>solent</span> <span class='ocrx_word' id='word_1_19' title='bbox 1159 486 1222 556; x_wconf 89' lang='lat' dir='ltr'>ho·</span> 
     </span>
     <span class='ocr_line' id='line_1_3' title="bbox 174 604 1220 697; baseline -0.003 -23"><span class='ocrx_word' id='word_1_20' title='bbox 174 604 288 674; x_wconf 91' lang='lat' dir='ltr'>mines</span> <span class='ocrx_word' id='word_1_21' title='bbox 303 604 488 697; x_wconf 88' lang='lat' dir='ltr'>pueritiam</span> <span class='ocrx_word' id='word_1_22' title='bbox 502 604 694 696; x_wconf 89' lang='lat' dir='ltr'>praesertim</span> <span class='ocrx_word' id='word_1_23' title='bbox 708 604 880 695; x_wconf 83' lang='lat' dir='ltr'>respicere</span> <span class='ocrx_word' id='word_1_24' title='bbox 894 625 1002 685; x_wconf 91' lang='lat' dir='ltr'>suam,</span> <span class='ocrx_word' id='word_1_25' title='bbox 1015 604 1118 693; x_wconf 89' lang='lat' dir='ltr'>siqua</span> <span class='ocrx_word' id='word_1_26' title='bbox 1129 604 1220 671; x_wconf 85' lang='lat' dir='ltr'>forte</span> 
     </span>
     <span class='ocr_line' id='line_1_4' title="bbox 174 718 1220 813; baseline -0.002 -26"><span class='ocrx_word' id='word_1_27' title='bbox 174 721 250 811; x_wconf 93' lang='lat' dir='ltr'>ejus</span> <span class='ocrx_word' id='word_1_28' title='bbox 276 721 392 813; x_wconf 84' lang='lat' dir='ltr'>imago</span> <span class='ocrx_word' id='word_1_29' title='bbox 418 720 521 788; x_wconf 90' lang='lat' dir='ltr'>solito</span> <span class='ocrx_word' id='word_1_30' title='bbox 549 718 793 788; x_wconf 86' lang='lat' dir='ltr'>vehementius</span> <span class='ocrx_word' id='word_1_31' title='bbox 818 719 1050 787; x_wconf 82' lang='lat' dir='ltr'>eommoverit</span> <span class='ocrx_word' id='word_1_32' title='bbox 1074 719 1220 786; x_wconf 85' lang='lat' dir='ltr'>animos</span> 
     </span>
     <span class='ocr_line' id='line_1_5' title="bbox 173 833 1220 925; baseline -0.006 -19"><span class='ocrx_word' id='word_1_33' title='bbox 173 836 340 906; x_wconf 90' lang='lat' dir='ltr'>Aderunt</span> <span class='ocrx_word' id='word_1_34' title='bbox 365 834 533 925; x_wconf 79' lang='lat' dir='ltr'>reliquiae,</span> <span class='ocrx_word' id='word_1_35' title='bbox 551 835 663 904; x_wconf 85' lang='lat' dir='ltr'>aderit</span> <span class='ocrx_word' id='word_1_36' title='bbox 681 833 840 924; x_wconf 90' lang='lat' dir='ltr'>quaedam</span> <span class='ocrx_word' id='word_1_37' title='bbox 859 835 956 924; x_wconf 86' lang='lat' dir='ltr'>quasi</span> <span class='ocrx_word' id='word_1_38' title='bbox 974 844 1108 904; x_wconf 83' lang='lat' dir='ltr'><strong>tessera</strong></span> <span class='ocrx_word' id='word_1_39' title='bbox 1123 834 1220 903; x_wconf 85' lang='lat' dir='ltr'>verni</span> 
     </span>
     <span class='ocr_line' id='line_1_6' title="bbox 173 949 1219 1043; baseline -0.002 -23"><span class='ocrx_word' id='word_1_40' title='bbox 173 951 268 1021; x_wconf 91' lang='lat' dir='ltr'>illius</span> <span class='ocrx_word' id='word_1_41' title='bbox 285 951 476 1043; x_wconf 90' lang='lat' dir='ltr'>temporis:</span> <span class='ocrx_word' id='word_1_42' title='bbox 503 959 606 1020; x_wconf 88' lang='lat' dir='ltr'>erunt</span> <span class='ocrx_word' id='word_1_43' title='bbox 624 950 704 1033; x_wconf 80' lang='lat' dir='ltr'>loni,</span> <span class='ocrx_word' id='word_1_44' title='bbox 718 949 808 1033; x_wconf 89' lang='lat' dir='ltr'><strong>libri,</strong></span> <span class='ocrx_word' id='word_1_45' title='bbox 826 951 959 1032; x_wconf 89' lang='lat' dir='ltr'>odores,</span> <span class='ocrx_word' id='word_1_46' title='bbox 974 951 1091 1032; x_wconf 85' lang='lat' dir='ltr'>verba,</span> <span class='ocrx_word' id='word_1_47' title='bbox 1106 972 1219 1030; x_wconf 86' lang='lat' dir='ltr'>voees,</span> 
     </span>
     <span class='ocr_line' id='line_1_7' title="bbox 173 1065 1219 1158; baseline -0.002 -21"><span class='ocrx_word' id='word_1_48' title='bbox 173 1068 301 1158; x_wconf 88' lang='lat' dir='ltr'>quibus</span> <span class='ocrx_word' id='word_1_49' title='bbox 335 1078 544 1137; x_wconf 77' lang='lat' dir='ltr'>revocentur</span> <span class='ocrx_word' id='word_1_50' title='bbox 579 1067 680 1136; x_wconf 89' lang='lat' dir='ltr'>initia</span> <span class='ocrx_word' id='word_1_51' title='bbox 714 1067 942 1137; x_wconf 80' lang='lat' dir='ltr'>sanctissimae</span> <span class='ocrx_word' id='word_1_52' title='bbox 979 1065 1219 1157; x_wconf 88' lang='lat' dir='ltr'>pbilosopbiae.</span> 
     </span>
     <span class='ocr_line' id='line_1_8' title="bbox 171 1181 1219 1275; baseline -0.003 -23"><span class='ocrx_word' id='word_1_53' title='bbox 171 1183 263 1252; x_wconf 78' lang='lat' dir='ltr'>Tum</span> <span class='ocrx_word' id='word_1_54' title='bbox 278 1184 420 1254; x_wconf 88' lang='lat' dir='ltr'>demum</span> <span class='ocrx_word' id='word_1_55' title='bbox 435 1184 472 1252; x_wconf 95' lang='lat' dir='ltr'>id</span> <span class='ocrx_word' id='word_1_56' title='bbox 486 1205 670 1275; x_wconf 81' lang='lat' dir='ltr'>agnovere,</span> <span class='ocrx_word' id='word_1_57' title='bbox 681 1182 776 1273; x_wconf 90' lang='lat' dir='ltr'>quod</span> <span class='ocrx_word' id='word_1_58' title='bbox 789 1184 865 1273; x_wconf 92' lang='lat' dir='ltr'>ipso</span> <span class='ocrx_word' id='word_1_59' title='bbox 876 1189 1036 1272; x_wconf 87' lang='lat' dir='ltr'>tempore</span> <span class='ocrx_word' id='word_1_60' title='bbox 1046 1181 1219 1274; x_wconf 85' lang='lat' dir='ltr'>effugerat</span> 
     </span>
     <span class='ocr_line' id='line_1_9' title="bbox 173 1294 1193 1380; baseline -0.003 -13"><span class='ocrx_word' id='word_1_61' title='bbox 173 1297 313 1380; x_wconf 84' lang='lat' dir='ltr'>oeulos3</span> <span class='ocrx_word' id='word_1_62' title='bbox 340 1296 456 1368; x_wconf 83' lang='lat' dir='ltr'>Dnun</span> <span class='ocrx_word' id='word_1_63' title='bbox 472 1296 635 1379; x_wconf 83' lang='lat' dir='ltr'>adfuisse,</span> <span class='ocrx_word' id='word_1_64' title='bbox 653 1296 770 1366; x_wconf 77' lang='lat' dir='ltr'>Duum</span> <span class='ocrx_word' id='word_1_65' title='bbox 786 1295 852 1366; x_wconf 89' lang='lat' dir='ltr'>sibi</span> <span class='ocrx_word' id='word_1_66' title='bbox 870 1297 993 1366; x_wconf 81' lang='lat' dir='ltr'>fecisse</span> <span class='ocrx_word' id='word_1_67' title='bbox 1010 1294 1073 1365; x_wconf 88' lang='lat' dir='ltr'>illa</span> <span class='ocrx_word' id='word_1_68' title='bbox 1089 1296 1193 1365; x_wconf 78' lang='lat' dir='ltr'>otia.’²</span> 
     </span>
     <span class='ocr_line' id='line_1_10' title="bbox 222 1409 1218 1502; baseline -0.001 -23"><span class='ocrx_word' id='word_1_69' title='bbox 222 1410 353 1502; x_wconf 82' lang='lat' dir='ltr'>Neque</span> <span class='ocrx_word' id='word_1_70' title='bbox 379 1432 460 1479; x_wconf 88' lang='lat' dir='ltr'>vero</span> <span class='ocrx_word' id='word_1_71' title='bbox 486 1411 523 1479; x_wconf 95' lang='lat' dir='ltr'>id</span> <span class='ocrx_word' id='word_1_72' title='bbox 552 1409 640 1479; x_wconf 93' lang='lat' dir='ltr'>nihil</span> <span class='ocrx_word' id='word_1_73' title='bbox 672 1410 864 1501; x_wconf 74' lang='lat' dir='ltr'>pertinebit</span> <span class='ocrx_word' id='word_1_74' title='bbox 893 1411 937 1479; x_wconf 89' lang='lat' dir='ltr'>ad</span> <span class='ocrx_word' id='word_1_75' title='bbox 964 1432 1088 1480; x_wconf 81' lang='lat' dir='ltr'>vernas</span> <span class='ocrx_word' id='word_1_76' title='bbox 1113 1409 1218 1479; x_wconf 84' lang='lat' dir='ltr'>hasce</span> 
     </span>
     <span class='ocr_line' id='line_1_11' title="bbox 169 1524 1217 1618; baseline 0.001 -25"><span class='ocrx_word' id='word_1_77' title='bbox 169 1525 324 1608; x_wconf 80' lang='lat' dir='ltr'>delicias,</span> <span class='ocrx_word' id='word_1_78' title='bbox 345 1525 439 1617; x_wconf 88' lang='lat' dir='ltr'>quod</span> <span class='ocrx_word' id='word_1_79' title='bbox 464 1527 593 1617; x_wconf 90' lang='lat' dir='ltr'>partim</span> <span class='ocrx_word' id='word_1_80' title='bbox 616 1526 804 1595; x_wconf 88' lang='lat' dir='ltr'>verborum</span> <span class='ocrx_word' id='word_1_81' title='bbox 830 1524 1047 1618; x_wconf 88' lang='lat' dir='ltr'>singulorum</span> <span class='ocrx_word' id='word_1_82' title='bbox 1065 1524 1217 1606; x_wconf 76' lang='lat' dir='ltr'>delectu,</span> 
     </span>
     <span class='ocr_line' id='line_1_12' title="bbox 170 1640 1219 1734; baseline 0 -24"><span class='ocrx_word' id='word_1_83' title='bbox 170 1642 298 1732; x_wconf 87' lang='lat' dir='ltr'>partim</span> <span class='ocrx_word' id='word_1_84' title='bbox 325 1641 501 1732; x_wconf 73' lang='lat' dir='ltr'>exquisito</span> <span class='ocrx_word' id='word_1_85' title='bbox 521 1641 675 1732; x_wconf 91' lang='lat' dir='ltr'>quodam</span> <span class='ocrx_word' id='word_1_86' title='bbox 700 1652 738 1711; x_wconf 90' lang='lat' dir='ltr'>et</span> <span class='ocrx_word' id='word_1_87' title='bbox 763 1640 952 1732; x_wconf 86' lang='lat' dir='ltr'>multiplici</span> <span class='ocrx_word' id='word_1_88' title='bbox 982 1642 1129 1732; x_wconf 79' lang='lat' dir='ltr'>pieturae</span> <span class='ocrx_word' id='word_1_89' title='bbox 1157 1663 1219 1734; x_wconf 74' lang='lat' dir='ltr'>ge</span> 
     </span>
     <span class='ocr_line' id='line_1_13' title="bbox 170 1755 1218 1850; baseline 0.001 -24"><span class='ocrx_word' id='word_1_90' title='bbox 170 1780 265 1841; x_wconf 88' lang='lat' dir='ltr'>nere,</span> <span class='ocrx_word' id='word_1_91' title='bbox 284 1755 368 1828; x_wconf 84' lang='lat' dir='ltr'>fecit</span> <span class='ocrx_word' id='word_1_92' title='bbox 392 1757 571 1826; x_wconf 90' lang='lat' dir='ltr'>interdum</span> <span class='ocrx_word' id='word_1_93' title='bbox 590 1755 772 1850; x_wconf 80' lang='lat' dir='ltr'>Virgilius,</span> <span class='ocrx_word' id='word_1_94' title='bbox 794 1764 834 1825; x_wconf 92' lang='lat' dir='ltr'>ut</span> <span class='ocrx_word' id='word_1_95' title='bbox 860 1756 1086 1850; x_wconf 74' lang='lat' dir='ltr'>intelligeres,</span> <span class='ocrx_word' id='word_1_96' title='bbox 1111 1756 1218 1827; x_wconf 87' lang='lat' dir='ltr'>altius</span> 
     </span>
     <span class='ocr_line' id='line_1_14' title="bbox 170 1872 1219 1964; baseline -0.001 -22"><span class='ocrx_word' id='word_1_97' title='bbox 170 1874 337 1943; x_wconf 88' lang='lat' dir='ltr'>insedisse</span> <span class='ocrx_word' id='word_1_98' title='bbox 360 1895 433 1942; x_wconf 90' lang='lat' dir='ltr'>rem</span> <span class='ocrx_word' id='word_1_99' title='bbox 457 1872 610 1964; x_wconf 91' lang='lat' dir='ltr'>aliquam</span> <span class='ocrx_word' id='word_1_100' title='bbox 631 1873 668 1941; x_wconf 93' lang='lat' dir='ltr'>in</span> <span class='ocrx_word' id='word_1_101' title='bbox 690 1873 765 1964; x_wconf 87' lang='lat' dir='ltr'>ejus</span> <span class='ocrx_word' id='word_1_102' title='bbox 790 1873 925 1942; x_wconf 71' lang='lat' dir='ltr'>animoa</span> <span class='ocrx_word' id='word_1_103' title='bbox 952 1872 1057 1942; x_wconf 84' lang='lat' dir='ltr'>eredo</span> <span class='ocrx_word' id='word_1_104' title='bbox 1075 1882 1219 1964; x_wconf 88' lang='lat' dir='ltr'>propter</span> 
     </span>
     <span class='ocr_line' id='line_1_15' title="bbox 169 1984 1218 2077; baseline -0.003 -22"><span class='ocrx_word' id='word_1_105' title='bbox 169 1986 314 2077; x_wconf 91' lang='lat' dir='ltr'>puerilis</span> <span class='ocrx_word' id='word_1_106' title='bbox 330 1987 394 2056; x_wconf 86' lang='lat' dir='ltr'>aevi</span> <span class='ocrx_word' id='word_1_107' title='bbox 416 1986 632 2068; x_wconf 75' lang='lat' dir='ltr'>nemetiam,</span> <span class='ocrx_word' id='word_1_108' title='bbox 650 2008 801 2076; x_wconf 84' lang='lat' dir='ltr'>quaeum</span> <span class='ocrx_word' id='word_1_109' title='bbox 820 1984 966 2075; x_wconf 86' lang='lat' dir='ltr'>fortasse</span> <span class='ocrx_word' id='word_1_110' title='bbox 990 2007 1045 2054; x_wconf 92' lang='lat' dir='ltr'>res</span> <span class='ocrx_word' id='word_1_111' title='bbox 1067 2007 1111 2053; x_wconf 92' lang='lat' dir='ltr'>ea</span> <span class='ocrx_word' id='word_1_112' title='bbox 1127 1984 1218 2053; x_wconf 86' lang='lat' dir='ltr'>foret</span> 
     </span>
    </p>
   </div>
   <div class='ocr_carea' id='block_1_3' title="bbox 168 2099 1216 2538">
    <p class='ocr_par' dir='ltr' id='par_1_3' title="bbox 168 2099 1216 2421">
     <span class='ocr_line' id='line_1_16' title="bbox 169 2099 1216 2194; baseline -0.005 -23"><span class='ocrx_word' id='word_1_113' title='bbox 169 2103 401 2193; x_wconf 81' lang='lat' dir='ltr'>conjunctior.</span> <span class='ocrx_word' id='word_1_114' title='bbox 453 2100 534 2183; x_wconf 83' lang='lat' dir='ltr'>Quo</span> <span class='ocrx_word' id='word_1_115' title='bbox 551 2102 589 2170; x_wconf 92' lang='lat' dir='ltr'>in</span> <span class='ocrx_word' id='word_1_116' title='bbox 605 2123 735 2194; x_wconf 85' lang='lat' dir='ltr'>genere</span> <span class='ocrx_word' id='word_1_117' title='bbox 751 2100 953 2170; x_wconf 91' lang='lat' dir='ltr'>habendum</span> <span class='ocrx_word' id='word_1_118' title='bbox 971 2121 1047 2168; x_wconf 87' lang='lat' dir='ltr'>esse</span> <span class='ocrx_word' id='word_1_119' title='bbox 1066 2099 1216 2167; x_wconf 83' lang='lat' dir='ltr'>dixerim</span> 
     </span>
     <span class='ocr_line' id='line_1_17' title="bbox 172 2213 1215 2316; baseline -0.003 -32"><span class='ocrx_word' id='word_1_120' title='bbox 172 2221 225 2302; x_wconf 88' lang='lat' dir='ltr'>(ut</span> <span class='ocrx_word' id='word_1_121' title='bbox 249 2239 362 2308; x_wconf 85' lang='lat' dir='ltr'>pauca</span> <span class='ocrx_word' id='word_1_122' title='bbox 381 2216 571 2296; x_wconf 91' lang='lat' dir='ltr'>nominem,</span> <span class='ocrx_word' id='word_1_123' title='bbox 583 2239 669 2307; x_wconf 63' lang='lat' dir='ltr'>‚quae</span> <span class='ocrx_word' id='word_1_124' title='bbox 693 2217 807 2307; x_wconf 85' lang='lat' dir='ltr'>p&#39;rima</span> <span class='ocrx_word' id='word_1_125' title='bbox 832 2213 965 2316; x_wconf 87' lang='lat' dir='ltr'>legenti</span> <span class='ocrx_word' id='word_1_126' title='bbox 984 2214 1215 2305; x_wconf 73' lang='lat' dir='ltr'>occurrerint)</span> 
     </span>
     <span class='ocr_line' id='line_1_18' title="bbox 168 2329 697 2421; baseline 0.004 -23"><span class='ocrx_word' id='word_1_127' title='bbox 168 2329 256 2401; x_wconf 94' lang='lat' dir='ltr'>illud</span> <span class='ocrx_word' id='word_1_128' title='bbox 274 2332 319 2401; x_wconf 93' lang='lat' dir='ltr'>de</span> <span class='ocrx_word' id='word_1_129' title='bbox 336 2353 506 2421; x_wconf 89' lang='lat' dir='ltr'>equorum</span> <span class='ocrx_word' id='word_1_130' title='bbox 522 2330 697 2412; x_wconf 68' lang='lat' dir='ltr'>incessui,</span> 
     </span>
    </p>

    <p class='ocr_par' dir='ltr' id='par_1_4' title="bbox 311 2467 983 2538">
     <span class='ocr_line' id='line_1_19' title="bbox 311 2467 983 2538; baseline -0.001 -15"><span class='ocrx_word' id='word_1_131' title='bbox 311 2468 443 2524; x_wconf 86' lang='lat' dir='ltr'>Insultare</span> <span class='ocrx_word' id='word_1_132' title='bbox 455 2468 520 2531; x_wconf 88' lang='lat' dir='ltr'>solo,</span> <span class='ocrx_word' id='word_1_133' title='bbox 533 2475 559 2521; x_wconf 86' lang='lat' dir='ltr'>et</span> <span class='ocrx_word' id='word_1_134' title='bbox 570 2484 678 2538; x_wconf 80' lang='lat' dir='ltr'>gressus</span> <span class='ocrx_word' id='word_1_135' title='bbox 688 2468 834 2536; x_wconf 70' lang='lat' dir='ltr'>glomerare</span> <span class='ocrx_word' id='word_1_136' title='bbox 846 2467 983 2538; x_wconf 85' lang='lat' dir='ltr'>superbos.</span> 
     </span>
    </p>
   </div>
   <div class='ocr_carea' id='block_1_4' title="bbox 168 2577 1216 3132">
    <p class='ocr_par' dir='ltr' id='par_1_5' title="bbox 168 2577 1216 2905">
     <span class='ocr_line' id='line_1_20' title="bbox 171 2577 1216 2675; baseline 0.002 -27"><span class='ocrx_word' id='word_1_137' title='bbox 171 2579 323 2649; x_wconf 86' lang='lat' dir='ltr'>Felieius</span> <span class='ocrx_word' id='word_1_138' title='bbox 340 2580 524 2670; x_wconf 84' lang='lat' dir='ltr'>veriusque</span> <span class='ocrx_word' id='word_1_139' title='bbox 547 2578 636 2648; x_wconf 91' lang='lat' dir='ltr'>illud</span> <span class='ocrx_word' id='word_1_140' title='bbox 658 2577 858 2675; x_wconf 71' lang='lat' dir='ltr'>glomerare,</span> <span class='ocrx_word' id='word_1_141' title='bbox 878 2603 984 2670; x_wconf 90' lang='lat' dir='ltr'>quam</span> <span class='ocrx_word' id='word_1_142' title='bbox 1002 2581 1095 2673; x_wconf 90' lang='lat' dir='ltr'>quod</span> <span class='ocrx_word' id='word_1_143' title='bbox 1113 2580 1216 2650; x_wconf 84' lang='lat' dir='ltr'>facile</span> 
     </span>
     <span class='ocr_line' id='line_1_21' title="bbox 169 2695 1216 2789; baseline 0 -23"><span class='ocrx_word' id='word_1_144' title='bbox 169 2699 205 2766; x_wconf 91' lang='lat' dir='ltr'>in</span> <span class='ocrx_word' id='word_1_145' title='bbox 231 2705 388 2766; x_wconf 90' lang='lat' dir='ltr'>mentem</span> <span class='ocrx_word' id='word_1_146' title='bbox 406 2697 524 2765; x_wconf 86' lang='lat' dir='ltr'>veniat</span> <span class='ocrx_word' id='word_1_147' title='bbox 549 2695 665 2777; x_wconf 80' lang='lat' dir='ltr'>alicui,</span> <span class='ocrx_word' id='word_1_148' title='bbox 683 2697 749 2765; x_wconf 91' lang='lat' dir='ltr'>nisi</span> <span class='ocrx_word' id='word_1_149' title='bbox 768 2696 828 2787; x_wconf 91' lang='lat' dir='ltr'>qui</span> <span class='ocrx_word' id='word_1_150' title='bbox 846 2696 951 2789; x_wconf 87' lang='lat' dir='ltr'>longo</span> <span class='ocrx_word' id='word_1_151' title='bbox 969 2721 1035 2767; x_wconf 87' lang='lat' dir='ltr'>usu</span> <span class='ocrx_word' id='word_1_152' title='bbox 1053 2705 1091 2766; x_wconf 93' lang='lat' dir='ltr'>et</span> <span class='ocrx_word' id='word_1_153' title='bbox 1111 2696 1216 2788; x_wconf 89' lang='lat' dir='ltr'>plane</span> 
     </span>
     <span class='ocr_line' id='line_1_22' title="bbox 168 2810 941 2905; baseline 0 -24"><span class='ocrx_word' id='word_1_154' title='bbox 168 2812 292 2905; x_wconf 87' lang='lat' dir='ltr'>puerili</span> <span class='ocrx_word' id='word_1_155' title='bbox 311 2812 502 2881; x_wconf 88' lang='lat' dir='ltr'>assueverit</span> <span class='ocrx_word' id='word_1_156' title='bbox 519 2834 642 2879; x_wconf 89' lang='lat' dir='ltr'>eorum</span> <span class='ocrx_word' id='word_1_157' title='bbox 659 2811 757 2901; x_wconf 90' lang='lat' dir='ltr'>quasi</span> <span class='ocrx_word' id='word_1_158' title='bbox 776 2810 941 2881; x_wconf 87' lang='lat' dir='ltr'>moribus.</span> 
     </span>
    </p>

    <p class='ocr_par' dir='ltr' id='par_1_6' title="bbox 168 2926 1215 3132">
     <span class='ocr_line' id='line_1_23' title="bbox 219 2926 1215 3019; baseline -0.001 -24"><span class='ocrx_word' id='word_1_159' title='bbox 219 2926 284 2996; x_wconf 89' lang='lat' dir='ltr'>Est</span> <span class='ocrx_word' id='word_1_160' title='bbox 307 2928 415 2996; x_wconf 90' lang='lat' dir='ltr'>etiam</span> <span class='ocrx_word' id='word_1_161' title='bbox 438 2927 531 3019; x_wconf 89' lang='lat' dir='ltr'>quod</span> <span class='ocrx_word' id='word_1_162' title='bbox 558 2926 703 2995; x_wconf 86' lang='lat' dir='ltr'>mirifice</span> <span class='ocrx_word' id='word_1_163' title='bbox 731 2926 917 2996; x_wconf 90' lang='lat' dir='ltr'>adumbret</span> <span class='ocrx_word' id='word_1_164' title='bbox 941 2926 1038 2995; x_wconf 84' lang='lat' dir='ltr'>venti</span> <span class='ocrx_word' id='word_1_165' title='bbox 1064 2948 1215 3007; x_wconf 84' lang='lat' dir='ltr'>cursum,</span> 
     </span>
     <span class='ocr_line' id='line_1_24' title="bbox 168 3040 649 3132; baseline -0.004 -24"><span class='ocrx_word' id='word_1_166' title='bbox 168 3040 285 3110; x_wconf 90' lang='lat' dir='ltr'>stabili</span> <span class='ocrx_word' id='word_1_167' title='bbox 304 3041 456 3132; x_wconf 90' lang='lat' dir='ltr'>quodam</span> <span class='ocrx_word' id='word_1_168' title='bbox 473 3041 611 3131; x_wconf 87' lang='lat' dir='ltr'>impetu</span> <span class='ocrx_word' id='word_1_169' title='bbox 623 3051 649 3106; x_wconf 74' lang='grc'><strong>(1.</strong></span> 
     </span>
    </p>
   </div>
   <div class='ocr_carea' id='block_1_5' title="bbox 309 3176 1033 3249">
    <p class='ocr_par' dir='ltr' id='par_1_7' title="bbox 309 3176 1033 3249">
     <span class='ocr_line' id='line_1_25' title="bbox 309 3176 1033 3249; baseline -0.003 -17"><span class='ocrx_word' id='word_1_170' title='bbox 309 3179 357 3231; x_wconf 91' lang='grc'><strong>1116</strong></span> <span class='ocrx_word' id='word_1_171' title='bbox 369 3179 448 3239; x_wconf 87' lang='lat' dir='ltr'>volat,</span> <span class='ocrx_word' id='word_1_172' title='bbox 462 3176 541 3230; x_wconf 88' lang='lat' dir='ltr'>simul</span> <span class='ocrx_word' id='word_1_173' title='bbox 553 3193 616 3229; x_wconf 89' lang='lat' dir='ltr'>arva</span> <span class='ocrx_word' id='word_1_174' title='bbox 627 3176 699 3246; x_wconf 81' lang='lat' dir='ltr'>luga,</span> <span class='ocrx_word' id='word_1_175' title='bbox 711 3177 790 3230; x_wconf 90' lang='lat' dir='ltr'>simul</span> <span class='ocrx_word' id='word_1_176' title='bbox 802 3194 909 3249; x_wconf 81' lang='lat' dir='ltr'>aequora</span> <span class='ocrx_word' id='word_1_177' title='bbox 920 3195 1033 3232; x_wconf 73' lang='lat' dir='ltr'>amera.</span> 
     </span>
    </p>
   </div>
   <div class='ocr_carea' id='block_1_6' title="bbox 167 3289 1216 3496">
    <p class='ocr_par' dir='ltr' id='par_1_8' title="bbox 167 3289 1216 3496">
     <span class='ocr_line' id='line_1_26' title="bbox 168 3289 1216 3382; baseline -0.002 -22"><span class='ocrx_word' id='word_1_178' title='bbox 168 3290 239 3360; x_wconf 84' lang='lat' dir='ltr'>Sed</span> <span class='ocrx_word' id='word_1_179' title='bbox 257 3293 352 3360; x_wconf 90' lang='lat' dir='ltr'>enirn</span> <span class='ocrx_word' id='word_1_180' title='bbox 369 3293 482 3373; x_wconf 87' lang='lat' dir='ltr'>omnis</span> <span class='ocrx_word' id='word_1_181' title='bbox 508 3289 569 3359; x_wconf 88' lang='lat' dir='ltr'>illa</span> <span class='ocrx_word' id='word_1_182' title='bbox 594 3289 786 3371; x_wconf 89' lang='lat' dir='ltr'>similitudo</span> <span class='ocrx_word' id='word_1_183' title='bbox 803 3290 955 3382; x_wconf 90' lang='lat' dir='ltr'>plurima</span> <span class='ocrx_word' id='word_1_184' title='bbox 972 3291 1082 3361; x_wconf 88' lang='lat' dir='ltr'>habat</span> <span class='ocrx_word' id='word_1_185' title='bbox 1101 3293 1139 3361; x_wconf 89' lang='lat' dir='ltr'>in</span> <span class='ocrx_word' id='word_1_186' title='bbox 1157 3316 1216 3362; x_wconf 51' lang='lat' dir='ltr'>eos</span> 
     </span>
     <span class='ocr_line' id='line_1_27' title="bbox 167 3405 564 3496; baseline -0.005 -22"><span class='ocrx_word' id='word_1_187' title='bbox 167 3407 248 3475; x_wconf 91' lang='lat' dir='ltr'>dem</span> <span class='ocrx_word' id='word_1_188' title='bbox 267 3428 372 3475; x_wconf 83' lang='lat' dir='ltr'>censu</span> <span class='ocrx_word' id='word_1_189' title='bbox 391 3405 564 3496; x_wconf 81' lang='lat' dir='ltr'>praeclara.</span> 
     </span>
    </p>
   </div>
   <div class='ocr_carea' id='block_1_7' title="bbox 306 3537 1016 3954">
    <p class='ocr_par' dir='ltr' id='par_1_9' title="bbox 306 3537 1016 3954">
     <span class='ocr_line' id='line_1_28' title="bbox 309 3537 1016 3611; baseline -0.006 -18"><span class='ocrx_word' id='word_1_190' title='bbox 309 3539 411 3605; x_wconf 78' lang='lat' dir='ltr'>Qualis,</span> <span class='ocrx_word' id='word_1_191' title='bbox 426 3538 614 3608; x_wconf 87' lang='lat' dir='ltr'>Hyperboreos</span> <span class='ocrx_word' id='word_1_192' title='bbox 627 3540 725 3611; x_wconf 86' lang='lat' dir='ltr'>Aquilo</span> <span class='ocrx_word' id='word_1_193' title='bbox 738 3557 800 3593; x_wconf 85' lang='lat' dir='ltr'>curn</span> <span class='ocrx_word' id='word_1_194' title='bbox 813 3538 905 3591; x_wconf 73' lang='grc'><strong>11611166</strong></span> <span class='ocrx_word' id='word_1_195' title='bbox 917 3537 950 3590; x_wconf 90' lang='lat' dir='ltr'>ab</span> <span class='ocrx_word' id='word_1_196' title='bbox 963 3538 1016 3590; x_wconf 92' lang='lat' dir='ltr'>oris</span> 
     </span>
     <span class='ocr_line' id='line_1_29' title="bbox 306 3623 1010 3697; baseline -0.003 -19"><span class='ocrx_word' id='word_1_197' title='bbox 306 3626 433 3687; x_wconf 76' lang='lat' dir='ltr'>Incubuit,</span> <span class='ocrx_word' id='word_1_198' title='bbox 448 3625 616 3696; x_wconf 85' lang='lat' dir='ltr'>Scythiaeque</span> <span class='ocrx_word' id='word_1_199' title='bbox 627 3627 736 3697; x_wconf 89' lang='lat' dir='ltr'>hyemes</span> <span class='ocrx_word' id='word_1_200' title='bbox 748 3634 827 3696; x_wconf 88' lang='lat' dir='ltr'>atque</span> <span class='ocrx_word' id='word_1_201' title='bbox 838 3624 912 3678; x_wconf 85' lang='lat' dir='ltr'>arida</span> <span class='ocrx_word' id='word_1_202' title='bbox 923 3623 1010 3676; x_wconf 85' lang='lat' dir='ltr'>differt</span> 
     </span>
     <span class='ocr_line' id='line_1_30' title="bbox 306 3710 967 3782; baseline -0.005 -18"><span class='ocrx_word' id='word_1_203' title='bbox 306 3710 422 3765; x_wconf 89' lang='lat' dir='ltr'>Nubila:</span> <span class='ocrx_word' id='word_1_204' title='bbox 441 3720 499 3764; x_wconf 90' lang='lat' dir='ltr'>tum</span> <span class='ocrx_word' id='word_1_205' title='bbox 513 3721 613 3781; x_wconf 85' lang='lat' dir='ltr'>segetes</span> <span class='ocrx_word' id='word_1_206' title='bbox 625 3715 685 3766; x_wconf 86' lang='lat' dir='ltr'>altae</span> <span class='ocrx_word' id='word_1_207' title='bbox 698 3712 836 3782; x_wconf 87' lang='lat' dir='ltr'>campique</span> <span class='ocrx_word' id='word_1_208' title='bbox 848 3717 967 3763; x_wconf 76' lang='lat' dir='ltr'>natantes</span> 
     </span>
     <span class='ocr_line' id='line_1_31' title="bbox 307 3797 984 3866; baseline -0.004 -16"><span class='ocrx_word' id='word_1_209' title='bbox 307 3797 424 3851; x_wconf 90' lang='lat' dir='ltr'>Lenibus</span> <span class='ocrx_word' id='word_1_210' title='bbox 437 3798 587 3850; x_wconf 78' lang='lat' dir='ltr'>horrescunt</span> <span class='ocrx_word' id='word_1_211' title='bbox 598 3798 697 3861; x_wconf 88' lang='lat' dir='ltr'>flabris,</span> <span class='ocrx_word' id='word_1_212' title='bbox 709 3815 858 3866; x_wconf 69' lang='lat' dir='ltr'>staminaque</span> <span class='ocrx_word' id='word_1_213' title='bbox 869 3813 984 3849; x_wconf 78' lang='lat' dir='ltr'>sonarem</span> 
     </span>
     <span class='ocr_line' id='line_1_32' title="bbox 306 3881 981 3954; baseline -0.003 -19"><span class='ocrx_word' id='word_1_214' title='bbox 306 3883 380 3947; x_wconf 86' lang='lat' dir='ltr'>Dant</span> <span class='ocrx_word' id='word_1_215' title='bbox 392 3884 482 3954; x_wconf 87' lang='lat' dir='ltr'>sylvae,</span> <span class='ocrx_word' id='word_1_216' title='bbox 494 3883 620 3953; x_wconf 90' lang='lat' dir='ltr'>longique</span> <span class='ocrx_word' id='word_1_217' title='bbox 631 3892 728 3953; x_wconf 86' lang='lat' dir='ltr'>urgent</span> <span class='ocrx_word' id='word_1_218' title='bbox 741 3882 774 3936; x_wconf 87' lang='lat' dir='ltr'>ad</span> <span class='ocrx_word' id='word_1_219' title='bbox 786 3882 863 3935; x_wconf 89' lang='lat' dir='ltr'>litora</span> <span class='ocrx_word' id='word_1_220' title='bbox 875 3881 981 3934; x_wconf 86' lang='lat' dir='ltr'>fluetus.</span> 
     </span>
    </p>
   </div>
   <div class='ocr_carea' id='block_1_8' title="bbox 68 3995 1213 4210">
    <p class='ocr_par' dir='ltr' id='par_1_10' title="bbox 68 3995 1213 4210">
     <span class='ocr_line' id='line_1_33' title="bbox 68 3995 1210 4099; baseline -0.002 -30"><span class='ocrx_word' id='word_1_221' title='bbox 68 4096 69 4099; x_wconf 8' lang='grc' dir='ltr'><strong>Ἴ</strong></span> <span class='ocrx_word' id='word_1_222' title='bbox 166 3997 385 4069; x_wconf 90' lang='lat' dir='ltr'>Versabatur</span> <span class='ocrx_word' id='word_1_223' title='bbox 402 3996 566 4068; x_wconf 86' lang='lat' dir='ltr'>videlieet</span> <span class='ocrx_word' id='word_1_224' title='bbox 584 4021 654 4065; x_wconf 91' lang='lat' dir='ltr'>una</span> <span class='ocrx_word' id='word_1_225' title='bbox 672 3996 745 4066; x_wconf 86' lang='lat' dir='ltr'>sela</span> <span class='ocrx_word' id='word_1_226' title='bbox 765 4018 820 4065; x_wconf 91' lang='lat' dir='ltr'>res</span> <span class='ocrx_word' id='word_1_227' title='bbox 837 4003 920 4064; x_wconf 91' lang='lat' dir='ltr'>ante</span> <span class='ocrx_word' id='word_1_228' title='bbox 938 3995 1058 4064; x_wconf 85' lang='lat' dir='ltr'>oculos</span> <span class='ocrx_word' id='word_1_229' title='bbox 1077 3995 1210 4079; x_wconf 72' lang='lat' dir='ltr'>Poetae,</span> 
     </span>
     <span class='ocr_line' id='line_1_34' title="bbox 164 4111 1213 4210; baseline 0 -28"><span class='ocrx_word' id='word_1_230' title='bbox 164 4137 246 4182; x_wconf 81' lang='lat' dir='ltr'>eum</span> <span class='ocrx_word' id='word_1_231' title='bbox 276 4114 344 4181; x_wconf 89' lang='lat' dir='ltr'>ista</span> <span class='ocrx_word' id='word_1_232' title='bbox 372 4112 561 4192; x_wconf 85' lang='lat' dir='ltr'>scriberet;</span> <span class='ocrx_word' id='word_1_233' title='bbox 596 4114 750 4210; x_wconf 88' lang='lat' dir='ltr'>spirante</span> <span class='ocrx_word' id='word_1_234' title='bbox 782 4111 906 4193; x_wconf 88' lang='lat' dir='ltr'>Borea,</span> <span class='ocrx_word' id='word_1_235' title='bbox 937 4111 1067 4180; x_wconf 86' lang='lat' dir='ltr'>referre</span> <span class='ocrx_word' id='word_1_236' title='bbox 1098 4112 1213 4182; x_wconf 88' lang='lat' dir='ltr'>eultos</span> 
     </span>
    </p>
   </div>
   <div class='ocr_carea' id='block_1_9' title="bbox 305 4315 1071 4384">
    <p class='ocr_par' dir='ltr' id='par_1_11' title="bbox 305 4315 1071 4384">
     <span class='ocr_line' id='line_1_35' title="bbox 305 4315 1071 4384; baseline 0.004 -19"><span class='ocrx_word' id='word_1_237' title='bbox 305 4325 319 4375; x_wconf 72' lang='lat' dir='ltr'>P</span> <span class='ocrx_word' id='word_1_238' title='bbox 335 4315 427 4381; x_wconf 78' lang='lat' dir='ltr'>Geory.</span> <span class='ocrx_word' id='word_1_239' title='bbox 441 4332 466 4384; x_wconf 86' lang='lat'>3.</span> <span class='ocrx_word' id='word_1_240' title='bbox 484 4329 541 4384; x_wconf 76' lang='lat'>117,</span> <span class='ocrx_word' id='word_1_241' title='bbox 902 4315 996 4368; x_wconf 74' lang='lat' dir='ltr'>sitia</span> <span class='ocrx_word' id='word_1_242' title='bbox 1010 4331 1071 4370; x_wconf 82' lang='lat'><em>201.</em></span> 
     </span>
    </p>
   </div>
   <div class='ocr_carea' id='block_1_10' title="bbox 0 0 1388 4876">
    <p class='ocr_par' dir='ltr' id='par_1_12' title="bbox 0 0 1388 4876">
     <span class='ocr_line' id='line_1_36' title="bbox 0 0 1388 4876; baseline 0 3"><span class='ocrx_word' id='word_1_243' title='bbox 0 0 1388 4876; x_wconf 95' lang='lat' dir='ltr'> </span> 
     </span>
    </p>
   </div>
  </div>
 </body>
</html>
