2768 4876
177 327 265 385 runc.
277 329 393 372 xxxur.
423 308 566 373 Arcam
578 307 702 372 nubum
716 307 926 392 quarum
938 329 1048 372 uum.
1077 262 1081 269 ·
1156 307 1220 376 673

177 478 286 550 Verbi
302 483 426 575 gratia,
438 483 597 564 nubium,
612 490 654 552 ut
671 504 786 563 nemo,
798 482 936 564 formas,
947 482 1090 565 colores,
1102 493 1219 554 motus

175 595 348 686 exquisite
371 597 569 666 adumbrat.
623 595 802 667 Praeterea
821 620 891 666 non
910 597 1017 667 dubie
1034 597 1218 690 significat,

175 712 290 803 vagari
307 734 345 782 se
362 735 444 783 cum
461 735 580 783 amore
598 713 749 804 quodam
776 713 950 804 praecipuo
975 713 1013 781 in
1035 711 1141 804 sylvis
1166 721 1220 782 at·

175 846 241 914 que
272 826 310 895 in
340 827 547 898 densissimo
576 827 740 897 arborum
772 835 878 897 coetu.
928 826 1068 897 Horum
1098 836 1220 898 cutem

174 962 342 1031 generum
365 943 558 1034 utriusque,
580 945 692 1034 primo
713 951 870 1034 aspectu,
887 945 1062 1013 contraria
1080 944 1220 1014 videtur

175 1075 247 1125 esse
265 1057 365 1137 ratio,
376 1065 484 1150 atque
501 1080 634 1141 eorum,
645 1081 725 1150 quae
743 1058 839 1149 prius
852 1058 977 1150 tetigi3
999 1058 1112 1149 aperti
1123 1057 1220 1128 vide·

175 1165 256 1238 licet
273 1171 422 1254 aetheris,
439 1173 602 1243 immensi
620 1172 753 1253 oceani,
771 1195 866 1263 purae
885 1172 960 1241 sine
980 1170 1060 1240 lube
1077 1170 1165 1241 lucis
1182 1179 1220 1242 et

176 1283 298 1356 coloris
315 1288 493 1357 matutini.
533 1373 539 1386 ·

221 1399 361 1471 Verum
387 1403 567 1473 enimvero
584 1426 630 1473 ex
648 1403 714 1473 hac
731 1427 873 1496 quoque
894 1412 994 1496 parte
1013 1403 1219 1474 Lucretium

176 1516 256 1585 satis
278 1516 344 1586 sibi
366 1528 527 1589 constare
547 1519 709 1589 dixerim.
763 1518 860 1589 Nam
883 1520 980 1589 etin
1006 1518 1159 1588 nubibus
1183 1525 1220 1586 et

175 1631 208 1701 in
238 1631 345 1723 sylvis
372 1640 546 1727 vagantur
574 1634 719 1703 incertis
744 1634 1004 1724 quodammodo
1035 1631 1220 1703 itineribus

176 1747 277 1832 oculi,
293 1771 409 1841 neque
431 1750 505 1819 ullo
528 1749 644 1820 limite
666 1751 751 1820 satis
771 1750 873 1831 finito
897 1760 934 1821 et
954 1759 1052 1820 certo
1073 1750 1221 1818 circum-

176 1863 277 1933 scribi
303 1873 481 1956 poterunt.
534 1864 594 1935 Ad
620 1866 733 1936 nubes
753 1867 847 1956 quod
873 1867 1013 1946 attinet,
1037 1872 1221 1934 mutantur

175 1984 345 2069 perpetuo
373 1980 501 2062 omnia,
531 1979 633 2050 nobis
660 1981 856 2050 etiamnum
881 1979 1113 2050 intuentibus.
1165 1976 1221 2046 Si-

176 2093 250 2182 quis
279 2100 399 2162 autem
427 2093 526 2163 locus
552 2093 672 2185 paullo
688 2095 745 2163 sit
770 2095 952 2164 arboribus
980 2093 1128 2174 densior,
1158 2113 1220 2160 ne-

175 2229 241 2298 que
275 2209 444 2300 aspectui,
474 2231 520 2278 ne
553 2209 591 2278 iu
624 2208 744 2279 hieme
774 2210 929 2300 quidem,
964 2210 1113 2303 pervius,
1144 2209 1224 2298 quis'

174 2323 286 2394 nescit
309 2325 524 2393 commoveri
545 2325 682 2394 animos
707 2347 777 2394 non
801 2325 1035 2406 mediocriter,
1053 2325 1222 2394 mirantes

174 2440 256 2531 quid
283 2438 377 2508 ultra
402 2439 523 2520 lateat,
542 2463 657 2530 quave
680 2440 825 2509 tandem
847 2440 991 2533 regione
1017 2442 1063 2509 sit
1088 2461 1222 2509 exeun-

174 2554 283 2625 duml
328 2554 431 2638 Quod
463 2557 491 2624 si
522 2555 690 2648 longiore,
718 2563 760 2624 ut
788 2556 842 2638 fit,
867 2556 998 2637 ordine,
1025 2555 1114 2625 alius
1141 2563 1221 2646 post

171 2669 282 2740 alium
308 2671 451 2739 veniant
479 2671 677 2740 istiusmodi
708 2691 873 2751 secessus,
895 2679 973 2739 tum
1001 2693 1083 2739 vero
1106 2669 1221 2739 multo

171 2786 284 2879 magis
310 2807 402 2855 caeco
420 2785 573 2876 quodam
599 2807 704 2856 sensu
728 2785 819 2855 affici
845 2786 1017 2867 homines,
1040 2786 1139 2856 velut
1160 2786 1220 2876 qui

169 2902 315 2994 propius
348 2901 562 2994 propiusque
585 2902 630 2971 ad
659 2924 826 2972 arcanum
861 2900 1016 2992 aliquem
1044 2908 1223 2971 sanctum-

167 3040 241 3110 que
258 3016 429 3109 angulum
451 3017 632 3086 accedant.
685 3016 781 3100 Quid
798 3015 935 3086 multat
962 3016 1088 3086 videtis
1110 3016 1223 3084 utrin-

166 3155 253 3226 que,
271 3140 349 3202 tum
371 3133 408 3201 in
424 3132 578 3202 nubibus
594 3139 673 3202 tum
698 3133 736 3201 in
760 3131 874 3223 sylvis,
892 3153 968 3200 esse
985 3130 1080 3221 quod
1097 3152 1220 3199 eorum

163 3249 369 3342 praesertim
395 3249 511 3340 capiat
535 3249 680 3329 animos,
707 3248 767 3339 qui
791 3255 912 3316 amant
935 3247 1092 3316 obscura·
1109 3254 1146 3315 et
1168 3247 1222 3315 in-

163 3365 295 3434 finita:
330 3386 412 3433 cum
446 3362 545 3432 nullo
574 3385 732 3453 unquam
766 3363 935 3454 temporis
969 3369 1101 3453 puncto
1131 3363 1221 3431 scire

164 3481 283 3572 possis
300 3480 385 3569 quid
402 3479 562 3570 proxime
580 3479 626 3548 sit
643 3478 860 3548 adiuturum.

222 3592 293 3663 His
321 3594 582 3674 animadversis,
614 3594 792 3664 constabit
826 3594 973 3662 fortasse
1007 3594 1052 3663 de
1085 3594 1221 3663 ratione

168 3711 249 3801 ejus
280 3707 444 3790 Poeseos,
473 3731 551 3799 quae
581 3710 647 3778 etsi
682 3707 940 3801 simplicissimo
974 3706 1128 3799 gaudeat
1161 3730 1222 3799 ap-

168 3833 308 3918 paratu,
324 3823 439 3893 babet
460 3833 581 3893 tamen
606 3825 644 3892 iu
672 3823 807 3894 deliciis
832 3824 944 3892 varias
971 3830 1045 3892 tam
1072 3822 1221 3892 nubium

171 3941 304 4010 formas
338 3961 445 4031 quem
482 3960 667 4008 nemorum
705 3939 906 4019 anfractus3
949 3959 1070 4029 genus,
1106 3937 1219 4028 siquid

174 4054 281 4134 aliud,
299 4076 426 4147 vagum
446 4061 483 4123 et
501 4053 619 4122 fusum
643 4063 681 4122 et
703 4053 903 4144 multiplex.
955 4050 1131 4141 Exempla
1144 4051 1230 4142 jam·

176 4170 271 4260 apud
289 4170 405 4261 ipsum
425 4168 631 4237 Lucretium
650 4190 860 4259 quaeramus.

224 4284 282 4355 Ac
308 4287 460 4376 primum
487 4284 631 4374 quidem
659 4306 701 4353 ee
724 4308 803 4376 quae
832 4285 876 4354 ad
904 4283 1015 4352 nubes
1042 4281 1221 4373 pertinent

668 4423 691 4468 x
708 4420 733 4467 x
