2768 4876
199 296 264 358 428
467 292 578 377 Apollo
594 292 735 374 ἐξηγητὴς
749 290 828 377 qon‘d
840 292 963 357 οαίααίε
1058 302 1153 355 rann.
1170 315 1247 355 xx11.

198 462 416 554 supplicandi
434 471 547 543 tenor,
561 462 713 533 admisso
730 464 879 555 piaculo,
891 463 1073 533 hominem
1090 465 1247 534 maxime

198 580 333 648 deceat.
400 575 502 646 Nihil
536 576 671 647 scilieet
706 579 953 669 compositum,
988 577 1076 647 nihil
1110 578 1245 662 fiotum,

196 692 285 761 nihil
323 693 368 761 ad
406 691 577 783 lacrymas
611 692 752 762 oiendas
793 693 978 763 ambitiose
1012 693 1245 776 adornatum

196 808 325 900 gravia,
352 815 459 888 easta,
485 807 685 876 verecunda
710 807 847 889 omnia3
877 830 922 877 ue
945 815 1078 898 puncto
1099 807 1246 897 quidem

196 922 366 1012 temporis
383 921 425 989 fit
442 919 639 1002 immemor,
654 943 692 990 se
709 944 826 991 coram
846 920 1007 991 Numine
1024 921 1245 991 sanctissimo

196 1034 302 1126 loqui,
328 1036 525 1127 propinquo
552 1035 609 1104 vel
642 1036 767 1106 mortis
794 1035 851 1106 vel
885 1035 1008 1106 salutis
1032 1036 1244 1106 discrimine.

195 1149 292 1233 Quid
314 1149 452 1220 multa?
478 1157 654 1220 asseverat
670 1150 745 1242 ipse
763 1150 919 1231 Orestes,
937 1150 1025 1220 nihil
1044 1151 1189 1220 omniuo
1207 1172 1245 1220 se

195 1288 300 1358 agere
325 1265 465 1357 proprio
491 1263 647 1347 oonsilio,
666 1265 726 1334 sed
745 1265 843 1355 quasi
862 1266 991 1336 devoto
1014 1264 1131 1358 eapite
1147 1265 1246 1357 jura-

196 1380 287 1450 visse
303 1379 341 1449 in
358 1379 465 1449 verba
480 1377 836 1477 magistriApollinis
846 1387 880 1449 ⁰:

406 1520 482 1592 ὅμοια
491 1521 592 1592 χέρσον
603 1517 645 1577 καί
656 1521 795 1579 θαλασσαν
808 1524 929 1594 ἐκπερῶν,

406 1610 496 1675 σώζων
508 1608 621 1679 ἐφετμὰς
633 1608 727 1676 Λοξίου
739 1609 922 1680 χρηστηρίους,

404 1696 528 1764 πρόσειμι
541 1694 612 1764 δῶμα
625 1695 666 1748 καὶ
677 1694 773 1765 βρέτας
784 1697 815 1749 τὸ
828 1697 885 1759 σὸν,
898 1694 953 1749 θεά.

406 1780 486 1834 αὐτοῦ
498 1781 647 1850 φυλάσσων
659 1780 774 1851 ἀναμένω
785 1780 864 1838 τέλος
875 1781 954 1851 δίκης.

244 1902 313 1973 His
340 1910 616 1972 consentaneum
643 1910 730 1987 erat,
753 1913 796 1973 ut
821 1903 1029 1996 Apollinem
1058 1905 1245 1976 adhiberet

194 2018 303 2090 etiam
330 2041 449 2087 eoram
478 2018 670 2110 judicibus,
701 2041 814 2088 oausae
848 2044 920 2090 non
950 2028 1025 2090 tam
1053 2028 1245 2111 patronum

196 2131 343 2221 (etenim
373 2140 539 2224 patronos
568 2155 640 2202 non
670 2133 807 2204 ferebat
836 2156 969 2204 severae
998 2135 1099 2204 istius
1129 2134 1245 2205 Curiae

194 2247 280 2340 lex,)
302 2269 409 2338 quam
439 2243 611 2339 ἐξηγητὴν,
638 2246 760 2341 (quem
787 2248 986 2340 vocabant),
1012 2248 1244 2340 interpretem

195 2362 362 2433 videlieet
380 2363 472 2454 juris
492 2361 548 2432 vel
571 2362 709 2433 obscuri
734 2363 792 2432 vel
817 2363 984 2454 ambigui.
1035 2362 1145 2453 Cujus
1168 2362 1247 2453 qui-

164 2528 167 2533 ·
196 2478 278 2548 dem
299 2475 461 2570 ἐξηγῆτου
481 2477 647 2561 officium,
669 2476 760 2547 siout
783 2486 821 2547 et
847 2485 973 2545 oaetera
990 2499 1067 2566 quae
1091 2475 1245 2567 plurima

154 2605 157 2610 '
195 2592 254 2662 hio
271 2591 455 2671 habentur,
474 2592 687 2683 pertinentia
713 2592 758 2662 ad
783 2589 953 2660 formulas
975 2591 1133 2681 ritusque
1152 2590 1245 2681 juris

196 2705 324 2787 Attioi,
354 2705 444 2773 mira
477 2714 556 2774 tum
590 2707 749 2775 doctrina
782 2713 860 2776 tum
895 2705 1071 2798 elegantia
1104 2702 1246 2772 videtur

197 2820 398 2912 nuperrime
422 2817 632 2909 explicuisse
653 2817 885 2889 Germanicus
909 2819 1014 2910 hujus
1039 2816 1167 2888 fabulae
1191 2817 1244 2886 in·

197 2945 341 3026 terpres,
361 2931 549 3002 Mullorus.
602 2932 645 3001 Id
663 2941 759 3002 oerte
777 2932 910 3024 optime
937 2953 1129 3025 congruere
1147 2930 1246 3000 vide·

197 3058 257 3118 tur
290 3071 371 3117 cum
405 3048 600 3117 rationibus
633 3046 728 3117 illius
762 3048 838 3130 viri,
872 3048 967 3139 quod
1000 3048 1037 3115 in
1070 3047 1146 3137 ipsa
1179 3044 1246 3114 lite

198 3163 329 3232 oranda
353 3170 431 3232 tum
455 3164 599 3232 demum
622 3164 765 3233 auditur
784 3185 855 3233 vox
875 3160 1062 3256 Apollinis,
1080 3161 1142 3230 ubi
1160 3183 1248 3230 νοο-

197 3287 275 3349 tum
297 3288 351 3348 est
376 3279 419 3348 ad
440 3279 531 3369 juris
557 3279 849 3350 controversiam:
875 3281 919 3349 de
940 3278 1035 3348 faeto
1058 3278 1153 3348 enim
1175 3285 1247 3346 sta-

199 3392 263 3462 tim
294 3398 517 3471 convenerat,
545 3393 737 3464 confitente
770 3391 888 3484 palam
921 3416 992 3474 reo,
1022 3416 1061 3463 se
1093 3400 1246 3461 matrem

198 3503 412 3579 necavissedz

409 3625 457 3694 ἤδη
470 3624 689 3696 armariorum·
710 3626 803 3698 ἕξονοῦ
815 3624 909 3696 δέκα,

401 3709 549 3776 Ἄπολλον,
562 3710 587 3766 εί
597 3716 654 3783 σφε
666 3713 715 3768 σὺν
726 3713 782 3781 δίκη
795 3711 955 3768 κατέκτανον·

409 3800 504 3869 δρᾶσαι
515 3799 576 3870 γὰρ,
588 3800 678 3868 ὥσπερ
691 3799 772 3862 ἐστὶν,
785 3799 831 3851 οὐκ
843 3796 996 3870 ἀρνούμεθα

409 3884 468 3940 ἀλλ’
481 3886 504 3939 εί
516 3883 625 3948 δικαίως,
638 3884 689 3939 ε’ίτε
700 3884 744 3955 μὴ,
757 3889 788 3954 τῇ
802 3889 836 3954 σῇ
850 3886 927 3956 φρενὶ

409 3971 479 4025 δοκεῖ
489 3971 543 4025 τόδ’
555 3969 625 4040 οἶμα,
639 3973 733 4042 κρῖνον,
746 3972 780 4027 ὡς
792 3967 891 4027 τοῦτοις
903 3971 1009 4041 φράσω.

201 4082 385 4154 Habemus
413 4083 472 4154 hio
500 4085 724 4167 seutentiam,
750 4085 787 4153 ni
809 4083 922 4167 fallor,
943 4079 1139 4154 arctissime
1165 4100 1250 4150 oon·

376 4276 483 4330 οΕυοι.
497 4292 558 4343 240.
858 4322 860 4326 Α
894 4276 994 4331 tlibid.
1007 4275 1070 4331 612.
