2768 4876
173 317 239 380 526
295 315 479 398 Dtfflrauta‘u
494 314 638 398 quadum
652 312 797 396 AErctptt
810 325 837 377 at
852 315 999 378 Pindari.
1031 335 1125 377 rann.
1136 335 1222 377 xxvi.

173 488 273 558 Num
303 496 400 557 recte
423 487 581 565 dicimus,
605 485 757 553 Pindaro
786 485 877 554 bene
904 495 1089 576 perspecta
1116 485 1223 554 fuisse

171 605 410 673 imberborum
429 623 570 694 quoque
587 623 777 693 puerorum
797 602 923 682 studia,
941 602 1006 671 sub
1024 602 1083 670 dio
1102 600 1225 670 luben·

171 720 306 788 tissime
330 718 524 810 agentium,
545 725 582 785 et
606 718 839 808 quaerentium
864 716 929 785 sibi
956 715 1113 807 undique
1137 717 1224 785 ima·

169 834 268 924 gines
286 834 454 924 quasdam
473 843 510 902 et
527 833 670 902 umbras
688 832 877 901 venatoriae
896 831 969 902 rei?

219 949 343 1039 Atque
373 948 440 1017 hoc
470 950 506 1016 in
537 971 666 1040 genere
703 947 919 1039 permultum
951 948 1100 1016 interest
1128 947 1221 1016 inter

172 1064 356 1133 Pindarica
386 1074 422 1132 et
451 1064 649 1156 AEsohylea,
682 1063 739 1132 vel
766 1087 845 1132 eam
877 1064 922 1132 0b
949 1085 1102 1144 causam,
1126 1063 1220 1154 quod

169 1179 373 1271 AEschylum
406 1180 625 1272 plerumque,
654 1179 865 1272 Pythagorae
897 1180 1119 1271 discipulum,
1149 1201 1220 1247 non

169 1294 274 1363 modo
308 1317 473 1385 pecorum
505 1295 649 1364 miseret
685 1295 734 1363 rei
768 1294 893 1363 divinae
927 1293 1218 1374 adhibendarum,

169 1432 291 1478 verum
312 1408 421 1478 etiam
446 1409 585 1500 generis
608 1408 723 1478 omnis
744 1408 856 1489 ferini,
875 1417 911 1476 et
930 1408 1030 1497 siqua
1053 1407 1219 1478 animalia

168 1526 292 1594 sectari
318 1524 470 1593 solemus
491 1546 553 1592 seu
572 1523 687 1593 victus
713 1525 786 1593 sive
809 1524 917 1593 animi
945 1546 1069 1605 oausa3
1097 1522 1216 1615 (quam

168 1663 240 1708 rem
260 1649 302 1709 nt
318 1640 418 1731 potui
442 1639 601 1730 pluribus
621 1640 698 1729 jam
721 1647 804 1709 ante
827 1638 1036 1730 explicavilz
1064 1637 1217 1709 Pindaro

168 1755 255 1825 nihil
286 1755 358 1824 tale
389 1777 555 1846 unquam,
582 1754 677 1845 quod
709 1755 828 1836 sciam,
856 1755 953 1823 venit
982 1755 1017 1823 in
1045 1762 1216 1823 mentem.

169 1871 274 1954 Quod
305 1881 342 1940 et
371 1873 487 1963 ipsum
517 1870 646 1939 indicio
677 1872 732 1952 sit,
765 1870 940 1940 numerari
973 1869 1103 1939 debere
1132 1892 1216 1938 eum

168 1989 262 2057 inter
285 2011 344 2057 eos
363 1987 503 2067 Poetas,
521 1986 581 2076 qui
603 1986 783 2055 communi
801 1986 952 2076 quodam
975 2008 1091 2066 sensu,
1110 2008 1216 2076 quem

170 2111 307 2184 vocant,
325 2112 476 2172 utuntur
493 2103 599 2171 etiarn
625 2103 660 2170 iu
682 2103 767 2171 orbe
784 2101 846 2170 illo
865 2101 1032 2183 Poetieo;
1059 2101 1119 2191 qui
1140 2124 1216 2168 orn-

168 2219 227 2288 nia
244 2218 370 2286 festive
388 2218 509 2309 magis,
528 2240 634 2307 quam
652 2217 816 2309 graviter,
831 2215 1060 2308 contemplari
1079 2226 1216 2298 amant;

168 2333 320 2423 denique
348 2334 407 2422 qui
436 2331 583 2400 Homeri
616 2332 800 2401 similiores
831 2355 868 2401 se
898 2339 1078 2423 praestant,
1110 2353 1214 2422 quam

169 2447 332 2540 Virgilii:
363 2470 445 2516 narn
463 2470 509 2516 ex
527 2446 588 2515 illo
612 2469 820 2540 magnorum
839 2448 993 2516 virorum
1019 2447 1092 2538 pari
1117 2454 1217 2538 pote-

168 2564 224 2644 rit,
242 2564 279 2631 ni
297 2562 409 2645 fallor,
429 2563 474 2631 de
492 2563 655 2632 omnibus
672 2564 709 2631 in
727 2571 877 2653 utroque
896 2585 1003 2632 censu
1021 2562 1103 2631 ferri
1121 2561 1218 2652 judi·

168 2677 273 2757 cium,
292 2675 395 2766 quale
413 2677 449 2744 id
468 2700 607 2768 cunque
625 2676 745 2746 fuerit.

219 2791 337 2861 Venio
352 2814 445 2860 nnnc
459 2792 503 2860 ad
517 2815 559 2861 ea
572 2815 653 2882 quae
666 2793 820 2861 eundem
838 2792 916 2861 sive.
922 2790 1122 2859 Thebarum
1138 2813 1217 2859 sua·

168 2931 243 2976 rum
259 2907 456 2976 studiosum
469 2929 531 2975 seu
545 2909 655 2976 totins
669 2908 718 2976 rei
729 2906 928 2976 Hellenicae
943 2905 1137 2975 declarant:
1155 2907 1216 2996 qui

168 3023 264 3093 locus
289 3023 356 3090 etsi
374 3022 519 3090 minime
537 3023 583 3090 sit
601 3024 760 3114 proprius
779 3021 972 3090 Pindaricae
989 3021 1095 3104 illius,
1107 3045 1215 3112 quam

167 3138 272 3207 hodie
290 3145 492 3217 tractamus,
511 3136 663 3220 familia,
681 3137 872 3207 Poetarum
891 3137 1055 3206 videlicet
1072 3137 1217 3207 hilario-

166 3277 243 3321 rurn
275 3263 312 3321 et
342 3252 387 3321 ad
418 3273 473 3320 res
502 3252 673 3343 gerendas
701 3253 899 3343 aptiorum;
930 3254 1027 3340 (uam
1054 3252 1215 3321 omniurn

166 3369 320 3449 omnine,
338 3390 408 3435 non
427 3367 532 3435 modo
551 3366 743 3436 Poetarum
761 3368 822 3437 sed
841 3367 1036 3448 hominum,
1055 3391 1216 3437 commu·

166 3483 219 3551 nis
240 3491 294 3551 est
319 3483 440 3573 patriae
456 3504 574 3580 amor,
596 3505 805 3575 morumque
832 3491 869 3552 et
894 3483 1014 3574 legum
1037 3482 1212 3552 avitarum

165 3599 363 3668 reverentia
373 3600 397 3687 3)
419 3605 539 3665 tamen
558 3620 604 3666 ex
621 3598 687 3667 hac
705 3621 845 3689 quoque
862 3608 973 3690 parte,
985 3607 1026 3666 ut
1046 3598 1214 3689 equidem

165 3713 323 3793 arbitror,
351 3713 529 3804 specimen
560 3713 613 3782 sni
641 3714 740 3783 dedit
768 3715 995 3784 Pindaricum
1030 3722 1108 3783 tum
1137 3713 1216 3793 ἦθος

165 3839 243 3897 tum
264 3829 456 3921 ingenium.
511 3826 653 3918 Nempe
678 3828 878 3898 Thebarum
907 3853 949 3898 eo
978 3837 1140 3920 ternpore
1166 3831 1216 3898 ci-

166 3943 255 4012 vitas
280 3966 351 4012 non
382 3942 520 4010 modica
551 3942 731 4012 laborabat
761 3945 902 4025 invidia,
936 3952 1080 4035 propter
1108 3966 1215 4034 opem

165 4067 303 4128 vexatae
321 4058 464 4128 Graeciae
482 4067 659 4148 negatam,
678 4059 787 4127 immo
812 4060 919 4127 etiam
940 4058 1055 4128 Persis
1081 4061 1216 4150 praesti-

164 4184 248 4243 tarn.
302 4173 474 4242 Pindarus
504 4179 624 4240 autern
656 4180 753 4243 totus
784 4198 828 4243 ex
861 4185 959 4265 parte
991 4177 1091 4245 stetit
1125 4175 1216 4244 Hel-
