2768 4876
122 348 216 388 rnna.
227 347 294 389 xxr.
382 326 497 389 Ονοοιοε
511 324 652 410 qrwmdo
666 346 725 389 aon
740 325 779 389 sc't
794 325 915 410 impius.
1105 328 1168 396 lon

122 493 150 562 si
175 492 268 561 forte
293 491 513 573 meministis,
531 492 568 560 in
586 489 723 562 Orestis
748 492 941 583 praesertim
962 498 999 560 et
1018 490 1169 561 Electrae

122 609 277 699 personis
308 607 515 699 ponebatur.
578 605 665 676 Erat
694 606 763 675 illis
798 606 979 698 proprium
1008 629 1050 676 ac
1084 629 1171 698 prae-

121 725 276 816 cipuum‚
308 723 422 794 odisse
459 732 611 793 matrem
650 731 794 814 propter
827 723 1012 793 caritatem
1050 724 1169 815 patris,

122 840 255 931 pietate
281 840 444 930 quadam,
470 846 512 908 ut
537 839 587 907 ita
614 838 738 919 dicam,
765 839 893 930 impia:
924 847 1032 929 atque
1057 862 1103 908 ex
1129 862 1171 909 ea

122 965 222 1047 parte
246 953 421 1024 difficilior
436 967 512 1024 erat
529 953 687 1046 AEschyli
713 954 813 1035 ratio,
832 976 937 1044 quam
956 953 1171 1046 Shaksperi3

123 1073 251 1163 quippe
271 1068 468 1140 Hamletho
491 1070 705 1140 saeviendum
729 1079 806 1139 erat
831 1070 867 1138 in
894 1068 1007 1140 solum
1034 1070 1172 1140 adulte-

123 1210 211 1268 rum,
228 1185 397 1256 inviolato
414 1186 547 1279 reginae
564 1185 691 1276 capite.
743 1184 907 1268 Quonam
931 1186 1040 1278 igitur
1060 1187 1173 1255 maxi-

122 1325 179 1372 me
196 1302 304 1371 modo
323 1301 544 1371 durissimam
560 1299 653 1369 hanc
669 1321 812 1369 causam
830 1300 1007 1393 mitigavit
1024 1300 1172 1392 AEschy-

123 1415 201 1486 lus?
255 1415 399 1508 Nempe
429 1438 480 1497 ea,
507 1438 613 1507 quam
647 1438 711 1486 nos
744 1417 850 1485 toties
882 1417 1061 1499 iteramus,
1091 1418 1172 1487 reli·

121 1529 226 1621 gione
256 1528 399 1600 oraculi.
451 1529 559 1598 Ponit
586 1528 647 1599 ille
674 1529 776 1599 nobis
802 1528 967 1601 Orestem
997 1553 1100 1600 sunm
1129 1553 1171 1600 ea

122 1654 242 1715 mente
263 1645 406 1737 penitus
431 1645 622 1727 imbutum,
640 1654 680 1715 ut
698 1644 764 1714 sibi
790 1668 853 1736 per
875 1647 994 1715 omnia
1014 1646 1169 1715 eundum

122 1783 196 1831 esse
214 1762 347 1842 credat,
368 1763 498 1831 devoto
518 1762 616 1853 quasi
634 1763 761 1852 capite,
778 1762 885 1830 modo
903 1784 1052 1853 pensum
1071 1785 1171 1833 exse-

122 1877 181 1966 qui
209 1875 335 1946 valeat.
388 1875 518 1958 Nocte,
543 1876 611 1957 die,
632 1875 739 1956 domi,
757 1875 852 1959 foris,
871 1898 914 1945 ea
931 1874 1005 1946 sola
1022 1899 1077 1947 res
1095 1900 1171 1946 ver·

122 2015 196 2062 sare
216 2002 324 2084 atque
345 2015 474 2085 angere
491 1993 660 2062 animum.
713 1990 817 2075 Quod
833 1993 930 2061 idem
948 1993 1040 2063 etin
1058 1991 1171 2062 Ham·

122 2105 219 2176 letho
246 2106 317 2175 dici
346 2115 486 2198 potest3
520 2107 582 2176 sed
612 2107 680 2176 hoc
710 2107 834 2197 utique
864 2107 1049 2178 dissimiles
1077 2117 1169 2191 sunt,

121 2223 215 2314 quod
234 2223 272 2291 in
285 2221 482 2294 Hamletho
499 2245 667 2316 agnoscas
683 2222 810 2304 adhuc,
828 2232 870 2293 ut
887 2225 997 2307 aiunt,
1016 2225 1171 2294 “veteris

122 2337 270 2431 vestigia
292 2337 484 2420 flammae;’‘
512 2338 647 2429 rapitur
671 2337 732 2407 ille
757 2338 795 2407 in
820 2347 938 2430 partes
964 2340 1085 2422 varias,
1110 2364 1171 2410 cu-

121 2455 237 2544 risque
254 2451 405 2522 fluctuat
431 2461 468 2521 et
495 2452 684 2533 amoribus,
701 2475 747 2521 ne
764 2453 880 2522 dicam
900 2454 992 2543 jocis
1009 2477 1169 2546 quoque:

121 2566 266 2637 Orestes
283 2575 406 2636 contra
423 2566 512 2636 nihil
531 2590 671 2659 prorsus
688 2590 734 2638 ne
752 2568 862 2638 semel
879 2569 1023 2660 quidem
1040 2570 1170 2640 intueri

121 2682 238 2764 audet,
265 2691 396 2773 praeter
422 2682 566 2751 unicum
594 2681 693 2762 illud,
720 2681 800 2752 Deo
825 2691 1007 2775 utcunque
1033 2684 1171 2754 obtem·

121 2796 325 2887 perandum.
369 2797 464 2881 Quid
482 2797 556 2868 ita?
597 2796 722 2879 Credo,
737 2799 902 2889 quoniam
920 2799 979 2869 hic
997 2802 1170 2871 atrociora

121 2911 225 3004 longe
242 2912 397 2982 habebat
423 2914 460 2981 in
485 2915 681 2996 mandatis3
708 2915 892 3005 parricidio
910 2938 1038 3007 nempe
1055 2917 1171 2986 accin-

120 3029 279 3120 gebatur,
309 3051 382 3097 non
416 3030 507 3099 caedi
541 3028 702 3120 simplici.
759 3028 840 3112 Quo
875 3039 995 3100 autem
1029 3032 1170 3124 gravius

121 3143 202 3234 quid
221 3143 329 3225 factu,
347 3167 389 3211 eo
407 3144 578 3213 intentior
594 3143 748 3213 debebat
765 3167 842 3214 esse
864 3167 964 3215 mens
989 3147 1026 3214 in
1049 3155 1170 3216 aucto·

121 3259 262 3327 ritatem
288 3259 503 3348 imperantis.
556 3257 688 3327 Videte
715 3280 828 3348 porro,
856 3281 963 3350 quam
993 3260 1093 3330 nullo
1118 3261 1171 3330 af-

122 3373 214 3443 fectu
250 3373 360 3442 animi
389 3381 593 3441 constanter
622 3396 663 3442 ac
694 3373 883 3464 tranquille
918 3375 1170 3467 interpretatur

121 3485 265 3558 Orestes
282 3488 458 3556 somnium
476 3485 564 3555 illud
583 3487 716 3567 matris,
732 3487 939 3557 atrocissimi
957 3487 1117 3560 ominisd.

331 3650 371 3703 δεῖ
381 3649 423 3702 τοί
435 3670 481 3712 νιν,
494 3649 529 3706 ὡς
539 3649 653 3720 ἔθρεψεν
664 3650 794 3719 ἔκπαγλον
804 3648 888 3718 τέρας,

331 3733 416 3789 θανεῖν
427 3734 525 3797 βιαίως·
546 3734 757 3805 ἐκδρακοντωθεὶς
769 3735 792 3790 δ’
804 3735 855 3807 ἐγὼ

332 3825 410 3873 κτενῶ
422 3841 469 3883 νιν,
483 3820 517 3875 ὣς
528 3823 658 3890 τοῦνειρον
670 3821 766 3876 ἐννέπει
779 3820 847 3876 τόδε.

125 3959 247 4032 Nolite
272 3974 408 4055 putare,
427 3965 511 4035 talia
537 3967 724 4036 meditanti
751 3990 821 4036 non
844 3969 981 4037 venisse
1007 3969 1042 4037 in
1069 3991 1168 4039 men·

123 4082 193 4144 tem
223 4077 388 4148 Dirarum
420 4081 693 4151 imminentium.
746 4081 876 4151 Omnia
902 4081 963 4150 diu
994 4105 1167 4175 praecepe-

533 4328 547 4366 ‘1
568 4329 679 4399 Clotplr.
692 4329 753 4397 546.
