2768 4876
201 292 268 358 624
336 293 475 371 Quonam
490 313 526 355 aa
534 301 627 376 porte
643 293 729 355 Poesi
743 291 877 354 aarum
891 291 1038 354 Boebeia
1066 313 1160 355 rann.
1173 314 1246 355 xxx.

203 464 312 535 Musa
339 467 500 548 caruerit,
530 468 565 534 in
596 489 705 557 quam
735 465 845 534 solam
876 466 1001 534 cadere
1031 486 1103 532 non
1133 473 1248 555 posset

199 582 376 674 aegritudo
400 582 467 650 ista
487 590 631 672 propter
647 604 755 651 vanos
780 579 928 662 labores,
945 581 1128 670 vitamque
1148 580 1249 648 mini-

200 718 259 765 me
277 697 418 766 vitalem
439 698 644 766 miserorum
663 695 877 766 mortalium.

251 810 442 882 Mittamus
464 811 626 890 Hebraea,
644 812 689 880 ad
716 833 847 902 eosque
868 812 1051 878 veniamus
1076 809 1248 892 homines,

199 928 260 1017 qui
290 928 391 1018 primi
421 927 565 995 nomina
591 927 764 996 dederunt
792 925 919 994 nostris
943 925 1060 1003 sacris,
1085 947 1248 1016 veraeque

201 1039 456 1133 Philosophia:
482 1065 632 1133 quorum
658 1065 773 1132 neque
799 1041 913 1110 aliena
932 1048 988 1110 est
1010 1040 1111 1122 ratio,
1134 1062 1249 1130 neque

200 1165 319 1224 tamen
336 1157 478 1247 penitus
495 1158 630 1226 eadem.
683 1157 826 1226 Etenim
843 1158 966 1226 multis
983 1163 1080 1226 certe
1098 1154 1247 1235 saeculis,

198 1279 379 1341 utrarum
404 1273 525 1355 fatear,
547 1276 702 1365 requiras
728 1275 763 1341 in
788 1280 1009 1343 sacrosancta
1034 1271 1096 1340 illa
1121 1272 1249 1362 repub·

198 1387 276 1470 lica,
302 1411 372 1457 non
400 1389 514 1458 dicam
539 1389 601 1459 illa
627 1389 825 1482 Virgiliana
847 1390 963 1469 modo,
990 1389 1052 1456 sed
1079 1395 1118 1456 et
1142 1386 1248 1456 aliam

198 1505 358 1594 quamvis
389 1503 527 1573 Poesin.
578 1504 675 1588 Quid
704 1504 779 1574 irat
825 1502 1013 1585 Quoniam,
1044 1502 1163 1583 oredo,
1191 1503 1249 1590 (ut

197 1621 380 1690 immensae
402 1622 584 1711 quaestioni
610 1622 693 1690 satis
713 1621 836 1711 jejune
858 1619 1126 1711 respondeatur)
1152 1616 1249 1686 nulla

197 1734 249 1804 illi
276 1734 482 1805 laborabant
505 1737 632 1827 inopia,
650 1735 747 1805 nullo
767 1735 872 1804 sortis
895 1733 1096 1803 excelsioris
1113 1733 1249 1802 deside-

198 1852 259 1933 rio,
277 1853 335 1920 cui
358 1853 404 1920 ad
427 1861 569 1943 tempus
587 1852 737 1920 levando
756 1851 980 1942 comparandi
998 1857 1099 1919 erant
1118 1870 1246 1918 versus.

198 1967 340 2059 Quippe
355 1969 431 2058 jam
448 1968 531 2036 inde
552 1991 573 2037 a
598 1969 769 2060 principio
787 1966 927 2035 illorum
949 1987 1126 2035 sacrorum
1144 1962 1248 2033 intel-

199 2082 359 2152 lexerant
389 2106 427 2153 se
456 2084 644 2176 participes
673 2106 749 2153 esse
776 2083 887 2151 factos
913 2081 1025 2150 beatae
1052 2103 1094 2149 ac
1122 2080 1247 2148 divinae

199 2199 294 2267 vitae.
335 2198 419 2268 Non
439 2223 522 2292 ergo
540 2199 618 2279 illis,
633 2196 725 2269 sicut
740 2197 950 2276 Homericis,
964 2195 1155 2264 mulcenda
1170 2204 1247 2264 erat

198 2320 379 2404 utcunque
413 2316 625 2384 carminibus
660 2315 818 2384 absentia
855 2314 905 2381 rei
939 2334 1043 2403 quam
1087 2313 1247 2402 impense

196 2427 386 2510 amabant3
415 2451 529 2518 neque
546 2451 629 2497 cum
645 2426 797 2519 Virgilio
816 2426 1028 2517 deploranda
1046 2447 1120 2495 sors
1136 2426 1248 2494 totins

198 2543 439 2624 hunanitatis,
455 2544 510 2613 cui
530 2543 617 2612 nihil
635 2565 773 2634 prorsus
791 2543 934 2612 beatum
954 2543 1090 2621 evadat,
1104 2549 1246 2610 tantum

196 2657 324 2727 solatio
341 2660 385 2726 ad
404 2667 545 2751 tempus
563 2660 632 2729 sint
650 2682 730 2740 rura
748 2659 936 2750 sylvaeque.

248 2772 306 2842 Ac
324 2774 470 2844 fortasse
495 2775 681 2856 miremini,
698 2797 851 2865 quanam
878 2775 1022 2853 ratione,
1042 2795 1124 2840 cum
1142 2793 1247 2840 nemo

192 2889 326 2979 just-am
346 2898 527 2958 exerceret
541 2889 733 2968 Poeticam,
749 2889 929 2981 potuerint
946 2889 1030 2958 satis
1046 2885 1112 2956 sibi
1132 2888 1248 2957 facere

198 3004 303 3095 plena
324 3007 451 3074 sanctis
474 3007 653 3092 amoribus
678 3012 833 3096 pectora.
888 3003 1023 3074 Praesto
1041 3013 1143 3073 erant
1160 3005 1248 3073 vati·

197 3120 290 3188 cinia
317 3119 558 3198 Hebraeorum,
587 3119 756 3189 Ecclesiae
785 3143 906 3212 preces
933 3125 1107 3210 sacraeque
1135 3120 1247 3188 canti-

197 3232 301 3315 lenae,
324 3235 642 3313 Sacramentorum,
671 3259 751 3326 quae
780 3244 959 3316 vocantur,
986 3235 1125 3303 infinita
1151 3257 1247 3325 quae·

198 3351 278 3418 dam
311 3352 420 3441 copia.
478 3350 571 3419 Ecce
602 3351 668 3418 tibi
696 3360 768 3420 tres
799 3353 897 3442 quasi
928 3375 1025 3420 venae
1055 3350 1246 3419 verissimae

200 3464 360 3543 Poeseos,
377 3474 416 3535 et
435 3466 561 3534 divites
577 3466 741 3556 quidem:
767 3489 915 3557 quarum
933 3489 1000 3557 ope
1018 3465 1156 3533 exitum
1175 3487 1246 3533 non

197 3580 460 3649 incommodum
483 3583 617 3672 possint
634 3583 786 3673 reperire
810 3583 878 3651 sibi
897 3582 1068 3650 desideria
1093 3582 1245 3671 piorum,

196 3696 265 3764 etsi
283 3696 400 3766 nullus
420 3720 574 3788 unquam
593 3696 823 3766 concludatur
837 3720 966 3775 versus,
982 3695 1112 3764 nullius
1123 3695 1245 3787 digitis

194 3809 338 3902 syllabae
360 3821 600 3880 numerentur.
652 3812 772 3882 Verbo
799 3814 922 3893 dicam,
949 3811 1100 3880 Poeseos
1126 3809 1245 3879 locum

195 3929 382 4018 occupavit
403 3927 496 4018 apud
517 3929 666 4018 majores
689 3937 826 3998 nostros
852 3951 979 3997 arcana
996 3927 1121 3995 divinae
1140 3925 1245 3996 Veri·

195 4043 278 4111 tatis
294 4043 396 4112 ratio.
449 4042 554 4125 Quod
572 4053 703 4124 contra,
721 4044 758 4112 hi
777 4047 836 4135 qui
858 4067 952 4112 nunc
974 4050 1058 4111 sunt
1082 4040 1244 4109 homines

193 4157 298 4225 facile
320 4168 439 4227 carent
459 4160 628 4227 diviniore
652 4159 880 4250 philosophia,
901 4158 1058 4229 contenti
1077 4155 1243 4227 videlicet

193 4274 320 4342 umbra
335 4276 487 4364 quadarn
509 4273 668 4344 Poeseos
