2768 4876
183 1363 542 1445 PRAELECTIO
574 1361 863 1445 VIGESIMA
897 1356 1152 1449 QUARTA.

149 1901 260 1960 Quinam
267 1901 432 1971 potissimum
440 1900 534 1969 Inpricr'
544 1900 599 1952 sint
611 1899 728 1952 nubendi.
757 1899 866 1968 Duplici
878 1898 909 1951 de
921 1916 999 1952 caasa
1011 1898 1141 1967 difficilim
1152 1914 1194 1950 eos

182 1987 211 2039 in
223 1987 338 2040 ordinem
348 1987 441 2055 rediqi.
481 1985 552 2046 Quid
565 1987 610 2049 sit,
624 1985 693 2054 qnod
702 2003 819 2038 numeres
826 1986 977 2056 plerumque
988 1982 1051 2038 adeo
1063 1987 1195 2038 contortos

182 2080 208 2126 et
218 2074 344 2142 impleres
355 2073 503 2126 adhibeant.
537 2072 698 2142 Disputatur
710 2071 741 2124 de
753 2071 951 2124 Pindaricumm
968 2089 1065 2125 samma
1076 2070 1192 2123 ratione.-

177 2157 311 2226 pertinere
327 2175 358 2211 en
374 2157 411 2210 ad
422 2175 504 2227 penas
521 2158 669 2219 Hernicum,
688 2155 837 2225 discrepare
855 2162 938 2208 tumen
956 2155 989 2208 ab
1007 2155 1152 2208 Homericis
1169 2161 1195 2206 et

183 2241 344 2310 AEschyleis.
380 2242 516 2311 Bnenpln‘s
538 2240 673 2304 evincitur,
692 2240 836 2293 Pindarum
854 2240 974 2293 Athletas
993 2256 1053 2292 sues
1073 2238 1195 2308 ludosque

182 2343 239 2379 cnm
251 2343 338 2380 amere
349 2327 458 2396 qaedam
465 2328 598 2398 prosequi.

215 2520 405 2592 UDIOET
428 2522 575 2592 fortasse
600 2521 735 2612 aliquia,
757 2544 827 2591 nou
854 2523 929 2590 sine
951 2523 1023 2590 veri
1042 2523 1193 2612 quadam

239 2635 480 2719 similitudine,
498 2635 642 2729 Lyricos
659 2636 789 2706 Poetae
806 2635 943 2705 facilius
959 2635 1074 2704 multo
1088 2659 1194 2727 quam

147 2758 293 2820 caeteros
313 2773 416 2842 posse
433 2752 601 2845 distingui
627 2753 664 2820 in
690 2775 821 2844 genera
842 2759 949 2843 atque
975 2751 1012 2819 in
1035 2752 1193 2819 ordinem

146 2887 325 2957 quemque
350 2887 476 2936 suum:
502 2889 612 2936 exea
629 2866 794 2936 videlicet
820 2866 979 2948 formula,
998 2889 1104 2958 quam
1129 2889 1193 2936 nos

145 2981 193 3050 ab
209 2981 312 3049 initio
325 2982 545 3051 decrevimus
558 2982 591 3050 ei
609 2981 659 3050 rei
676 2981 751 3051 fore
768 2980 1013 3051 adhibendam.
1051 2981 1193 3072 Nempe

147 3095 354 3188 Lyricorum
372 3096 409 3164 id
426 3098 582 3166 maxime
602 3097 781 3189 proprium
802 3095 964 3180 habetur,
981 3105 1022 3165 ut
1040 3099 1193 3168 scribant

146 3209 246 3279 nulla
263 3210 347 3280 satis
360 3219 458 3280 certa
473 3210 552 3303 lege
570 3212 743 3293 adstricti;
767 3220 907 3281 tantum
926 3221 1030 3303 prout
1044 3212 1088 3282 ad
1103 3222 1193 3283 tem-

146 3347 212 3416 pus
238 3326 285 3394 sit
309 3326 438 3417 cuique
464 3335 628 3408 “votum
654 3326 771 3406 timor,
802 3328 863 3408 ira,
886 3326 1076 3419 voluptas?
1092 3330 1205 3419 juste

147 3442 303 3510 carmine
321 3440 377 3510 vel
398 3450 540 3510 narrent
557 3441 614 3510 vel
636 3451 732 3511 certe
753 3441 961 3534 significent.
1014 3442 1192 3535 Expectes

146 3556 265 3648 igitur,
298 3556 403 3647 plena
433 3557 529 3648 quasi
564 3556 644 3626 luce
678 3558 834 3625 extitura
869 3579 991 3625 eorum
1018 3559 1078 3649 qui
1106 3560 1191 3630 talia

146 3672 307 3741 scribunt
327 3672 444 3740 studia
461 3681 498 3740 et
515 3670 682 3740 indolem.
734 3671 839 3754 Quod
863 3681 985 3742 contra
1003 3683 1080 3743 tum
1097 3677 1192 3766 apud

147 3785 342 3854 Pindarum
377 3795 455 3854 tum
493 3786 586 3876 apud
625 3785 711 3855 alios
748 3785 906 3855 evenisse
943 3809 1048 3856 nemo
1085 3812 1191 3881 nega-

146 3899 247 3981 verit,
271 3900 331 3989 qui
356 3901 464 3969 modo
487 3900 574 3970 velit
600 3900 771 3969 attentius
799 3900 903 3991 paulo
929 3904 1113 3994 exquirere
1139 3904 1191 3973 di·

145 4034 246 4082 versa
266 4034 389 4082 eorum
410 4037 528 4106 opera,
546 4035 661 4104 neque
686 4036 731 4082 ex
752 4037 823 4083 uno
845 4023 985 4084 tantum
1008 4017 1190 4109 alteroque

143 4137 310 4218 poemate
338 4130 383 4197 de
417 4137 494 4199 toto
524 4130 693 4219 cujusque
725 4152 856 4221 genere
882 4129 1058 4220 judicium
1088 4132 1189 4204 ferre.

145 4239 233 4323 Erit,
252 4242 289 4311 ni
307 4242 418 4325 fallor,
436 4245 474 4312 iu
496 4243 619 4312 multis
635 4244 808 4334 ejusmodi
828 4244 1041 4336 perdifficilis
1058 4255 1096 4315 et
1112 4271 1190 4340 per-

634 4358 701 4427 nh
