2768 4876
192 1464 551 1552 PRAELECTIO
582 1470 871 1553 VIGESIMA
905 1469 1176 1551 SEPTIMA.

163 1984 314 2049 Pindarum,
336 1987 436 2042 idoneis
454 1989 486 2042 de
506 1992 600 2055 amois,
622 1992 789 2062 optimatibus
805 2010 833 2045 se
851 1991 998 2045 eddicisse:
1020 1991 1059 2044 ita
1078 1997 1162 2043 tamen
1180 1996 1209 2043 ut

196 2072 266 2124 ammi
277 2079 392 2126 uteretur
405 2078 547 2148 παρρησίᾳ,
556 2079 644 2148 primm
663 2078 694 2131 ob
704 2079 806 2146 sortem
818 2080 973 2148 hilaremque
984 2078 1067 2147 ipsius
1079 2076 1188 2130 indolem
1195 2099 1208 2136 ,-

195 2156 288 2211 deiude
304 2161 373 2229 quod
389 2162 428 2215 itu
445 2165 505 2216 tulii
524 2166 578 2233 qus
592 2166 714 2234 temporis
725 2166 813 2224 ratim·
833 2166 940 2218 meuime
951 2181 1009 2218 uere
1021 2165 1052 2217 ob
1063 2164 1208 2232 religiones,

195 2260 252 2295 cum
264 2245 391 2300 etMaues
402 2266 456 2302 esse
469 2250 590 2314 creduut,
601 2258 626 2304 et
638 2251 681 2304 tic
693 2269 791 2322 quoque
803 2252 846 2320 aqi
859 2268 945 2304 coram
957 2250 1051 2303 animis
1060 2249 1208 2302 Beatorum.

249 2419 377 2491 ENIO
395 2445 489 2491 nunc
507 2424 549 2492 ad
568 2431 766 2492 extremam
790 2432 938 2514 partem,
957 2444 1106 2513 eamque
1131 2444 1209 2514 gra-

273 2537 461 2619 vissimam,
480 2561 602 2607 eorum
623 2561 700 2629 quae
726 2540 771 2608 ad
797 2537 990 2608 Pindarum
1016 2539 1207 2629 pertinent.

163 2658 262 2728 Nam
288 2678 334 2725 ex
364 2653 443 2746 lege
469 2656 621 2746 suseepti
647 2655 760 2746 operis
786 2655 889 2724 video
914 2653 1002 2722 mihi
1029 2652 1209 2745 disputan·

163 2773 247 2843 dum
266 2793 343 2841 esse
362 2770 468 2839 hodie
487 2770 530 2840 de
549 2770 676 2862 Lyrica
701 2769 762 2840 illa
784 2770 950 2840 libertate
968 2793 1009 2839 ac
1026 2768 1207 2864 παρρησίᾳ,

162 2910 267 2979 quam
298 2884 359 2955 ille
389 2886 488 2975 quasi
519 2886 672 2975 quodam
703 2908 801 2954 more
830 2885 1003 2976 majorum
1033 2884 1208 2976 plerisque

163 3002 375 3074 carminibus
400 3008 531 3070 tuetur.
584 2999 641 3070 De
669 3023 739 3091 qua
769 3024 807 3070 re
836 2996 943 3070 altius
972 3001 1142 3094 cogitanti
1172 3000 1209 3068 id

163 3119 316 3210 primum
344 3138 526 3185 occurrere
556 3115 657 3198 solet,
687 3118 817 3186 satisne
847 3117 1010 3208 cuiquam
1042 3115 1209 3186 credibile

163 3256 238 3303 esse
254 3233 425 3311 videatur,
444 3231 503 3322 qui
515 3232 592 3322 jam
610 3254 719 3302 senex
737 3232 855 3301 auimo
872 3232 979 3301 fuerit
997 3240 1072 3301 tam
1091 3241 1210 3302 erecto

163 3356 198 3416 et
229 3349 369 3416 intento
403 3347 441 3414 in
474 3348 681 3416 memoriam
711 3370 833 3417 earum
860 3369 978 3416 rerum
1008 3368 1093 3438 quas
1123 3370 1211 3438 puer

163 3439 405 3542 adamavisset,
420 3459 579 3552 ejusdem
596 3460 672 3529 fore
690 3461 908 3530 severissima
925 3460 1080 3542 consilia,
1096 3461 1211 3530 dubiis

163 3578 369 3671 magnisque
391 3575 553 3668 negotiis,
571 3575 670 3647 nullo
696 3598 820 3669 regum
834 3584 954 3660 metu,
972 3577 1104 3646 nedum
1125 3577 1212 3646 ami-

164 3716 285 3763 corum
306 3715 468 3762 suorum:
496 3692 623 3782 quibus
646 3693 754 3762 etiam
777 3715 848 3761 non
871 3715 949 3763 raro
967 3693 1065 3783 quasi
1089 3715 1211 3761 cumu-

164 3809 237 3878 lum
272 3808 425 3899 imponit
460 3809 695 3878 sanctissimas
729 3808 888 3878 Deorum
922 3808 1118 3901 religiones,
1149 3830 1211 3877 seu

166 3923 331 3994 Manium
355 3923 428 3992 sive
446 3921 672 4015 Superorum.
722 3922 860 3993 Poterit
885 3922 1011 4015 aliquis
1037 3920 1212 4008 admirari,

166 4063 276 4132 ecqua
300 4039 446 4108 tandem
470 4045 547 4108 arte
571 4039 769 4109 cohaereant
792 4049 899 4130 atque
919 4041 1013 4110 inter
1034 4062 1071 4109 se
1088 4046 1213 4108 mutuo

166 4156 366 4247 conspirent
383 4153 466 4223 hinc
483 4155 636 4246 gravitas
653 4155 715 4224 illa
731 4155 918 4247 plusquam
933 4155 1101 4236 censoria,
1117 4153 1215 4223 illinc

167 4267 285 4339 hilaris
302 4268 439 4337 indoles
456 4275 494 4336 et
511 4268 630 4358 paullo
648 4270 811 4339 securior.
