2768 4876
164 322 229 384 388
372 318 436 404 Api
455 316 641 403 Cdoe'plorus
655 314 700 380 od
712 314 860 380 tumultum
874 314 984 398 Regis:
1039 334 1133 374 rnna.
1144 334 1212 375 xxi.

168 490 351 560 Poematis
376 486 522 559 exordio
547 495 687 557 curaret
713 485 883 577 appellari
911 483 1128 554 sanctissima
1152 503 1215 550 no-

165 606 275 686 mina,
307 604 543 694 doceretque,
582 609 751 690 tanquam
794 601 889 691 apud
930 621 1029 668 suam
1068 597 1215 666 Eleusin

167 718 315 807 (etenim
333 740 380 787 ex
403 715 465 787 illo
486 739 577 808 pago
595 723 671 785 erat
689 714 883 806 oriundus),
900 714 1087 805 mysticam
1104 734 1214 802 quan-

166 833 247 902 dam
267 841 304 903 et
321 831 521 925 religiosam
538 852 613 900 rem
631 829 699 921 agi.

218 946 326 1029 Quid,
343 947 438 1038 quod
463 946 573 1037 ipsius
590 964 731 1034 quoque
749 942 830 1034 styli
850 950 952 1012 tenor
972 949 1010 1012 et
1033 963 1138 1011 sonus
1160 962 1215 1009 re-

169 1062 260 1131 ferre
273 1057 414 1130 videtur
426 1060 608 1130 solennem
624 1058 789 1150 precandi
802 1056 1003 1139 formulam;
1021 1066 1098 1126 tum
1111 1078 1216 1147 prop-

166 1185 222 1247 ter
248 1175 325 1257 alia,
343 1183 422 1244 tum
449 1174 543 1265 quod
561 1195 637 1244 rem
663 1173 812 1242 eandem
831 1172 975 1241 diversis
1000 1172 1213 1242 dictionibus

167 1293 278 1361 variat
290 1299 396 1380 atque
406 1288 536 1359 iterati
553 1288 649 1358 Σατ
659 1287 708 1383 ἦρ
727 1292 821 1377 γενοῦ
833 1316 899 1368 μοι,
917 1283 995 1377 ξυμ
1005 1317 1028 1368 μ
1040 1287 1124 1381 αχό
1133 1318 1147 1362 ς
1163 1309 1211 1356 τε·

166 1400 411 1497 ἥκωγὰρ,’καὶ
437 1401 728 1498 κατέρχομαι·
752 1401 902 1495 κηρύσσω
927 1400 1032 1494 πατρὶ
1057 1401 1220 1482 κλύειν,-

166 1517 266 1588 ἆκοῦ
278 1547 355 1586 σαι.
381 1517 499 1600 Quem
516 1518 635 1587 locum
650 1516 757 1584 irrisit
769 1515 923 1607 quidem,
934 1524 975 1583 ut
989 1523 1065 1584 erat
1077 1515 1214 1584 ridendi

167 1630 412 1701 callidissimus
425 1631 564 1713 artifex,
578 1628 850 1722 Aristophanes:
878 1629 939 1698 sed
953 1629 1154 1708 videndum,
1168 1652 1214 1696 an

168 1747 339 1838 ejusmodi
365 1743 533 1838 repetitio
557 1747 735 1837 praecipue
761 1746 948 1814 conveniat
970 1744 1030 1826 eie,
1051 1745 1111 1835 qui
1134 1767 1211 1835 pre-

169 1861 269 1931 cibus
293 1859 408 1930 solent
425 1868 597 1951 concepta
616 1860 783 1930 adhibere
800 1860 920 1929 verba.
973 1859 1070 1928 Nam
1094 1860 1213 1928 nescio

167 1976 346 2066 quomodo
377 1975 533 2044 carmina
561 1973 733 2063 ejusmodi
767 1973 927 2043 formulae
959 1974 998 2042 in
1031 1973 1212 2065 publicum

167 2091 354 2182 propositae
377 2090 550 2159 rationem
573 2087 727 2170 habent3
753 2111 830 2178 quae
847 2088 904 2158 vel
930 2097 1074 2181 propter
1094 2112 1211 2159 rerum

167 2207 401 2298 majestatem,
430 2203 487 2274 vel
516 2211 660 2296 propter
693 2203 876 2274 hominum
909 2204 1090 2287 incuriam,
1116 2207 1212 2276 idem

168 2321 292 2414 saepius
307 2322 463 2390 inculcat
480 2328 587 2409 atque
604 2320 743 2412 ingerit.

218 2434 359 2505 Deinde
382 2435 470 2503 illud
489 2457 594 2525 quam
620 2457 738 2526 grave,
757 2458 862 2526 quam
887 2436 1100 2528 religiosum,
1117 2439 1213 2527 quod

168 2551 212 2620 ad
242 2551 350 2642 ipsius
380 2550 659 2642 Agamemnonis
686 2549 867 2619 tumulum
893 2553 1072 2643 peragitur
1099 2553 1213 2623 omnis

168 2666 244 2756 ejus
262 2665 392 2735 fabulae
410 2663 549 2733 cursus!
573 2664 633 2755 qui
659 2664 829 2746 tumulus,
848 2673 1022 2755 quantum
1047 2669 1211 2758 equidem

168 2780 371 2870 conjectura
395 2801 555 2870 auguror,
573 2779 711 2847 sistitur
735 2787 819 2848 ante
844 2779 936 2849 fores
961 2782 1066 2872 regiae
1087 2782 1212 2852 domus

168 2893 456 2986 Olytaemnestrae.
509 2892 595 2962 Non
611 2894 706 2962 enim
724 2893 903 2963 discedere
929 2917 1079 2977 scenam,
1097 2920 1212 2988 neque

167 3009 212 3078 de
237 3008 317 3079 loco
337 3009 375 3078 in
400 3009 520 3079 locum
544 3009 695 3101 migrare
715 3017 860 3092 actores,
879 3010 970 3079 sicut
998 3019 1035 3079 et
1062 3010 1157 3092 aliae,
1175 3021 1212 3082 et

166 3122 203 3191 in
237 3124 322 3214 ipsis
358 3125 469 3194 nostri
499 3121 694 3204 Εὗμενίδαις,
713 3125 797 3193 satis
819 3125 977 3193 indicant
1001 3123 1053 3192 illi
1081 3148 1211 3207 versus,

167 3238 294 3328 quibus
312 3235 478 3307 Orestem
503 3238 725 3328 persequitur
748 3237 895 3321 Chorus,
907 3241 1055 3330 Jamjam
1080 3241 1213 3332 ingres-

166 3373 244 3420 sum
278 3352 315 3419 in
349 3349 504 3443 AEgisthi
542 3349 683 3441 palatia,
717 3350 802 3420 ficto
836 3352 979 3423 viatoris
1015 3354 1141 3423 habitu
1175 3365 1213 3424 et

166 3467 308 3536 vestitu.
361 3464 555 3557 Postquam
585 3466 680 3535 enim
703 3464 764 3534 ille
796 3466 886 3537 ostia
911 3467 1075 3559 pulsavit,
1104 3477 1141 3537 et
1175 3471 1213 3538 in

166 3563 257 3650 aedes
285 3580 372 3650 abiit
408 3577 583 3650 invitante
610 3582 687 3672 ipsa
713 3581 846 3673 regina,
875 3591 1064 3675 erumpunt
1089 3585 1212 3653 statim

166 3696 318 3789 virgines
335 3697 372 3765 in
390 3698 498 3766 verba
515 3696 708 3768 felicissimi
726 3697 852 3767 ominis
863 3705 895 3767 c:

378 3839 398 3892 ὦ
410 3840 501 3892 πότνια
513 3839 592 3908 χθὼν,
606 3839 646 3891 καὶ
658 3837 739 3891 πότνι’
753 3838 815 3904 ἀκτὴ

378 3927 505 3994 χώματος,
517 3923 532 3991 ἦ
545 3929 589 3978 νῦν
601 3925 643 3977 ἐπὶ
655 3925 774 3994 ναυάρχῳ

379 4013 479 4078 σώματι
492 4013 575 4064 κεῖσαι
587 4013 623 4080 τῷ
634 4010 770 4081 βασιλείῳ,

379 4100 424 4150 νῦν
435 4096 586 4159 ἐπάκουσον,
601 4100 644 4149 νῦν
656 4095 790 4164 ἐπάρηξον.

587 4305 596 4329 ⁸
610 4299 721 4367 Chot'pls.
736 4313 795 4367 720.
