2768 4876
199 352 396 397 rannxxxn.
413 335 549 397 Μαιιιιηι
562 333 599 397 de
613 332 718 398 tetulo
725 333 895 417 prudenter
905 354 972 397 eam
988 333 1152 395 retrectare.
1176 328 1238 395 661

242 507 348 591 Quod
370 508 399 577 si
421 509 480 576 cui
505 507 644 600 longius
666 507 744 576 haec
770 528 846 576 esse
872 506 1024 598 repetita
1045 507 1240 585 videantur,

200 620 229 691 ir
254 644 298 693 ea
316 632 444 694 tamen
469 623 575 693 laude
600 624 863 694 consentientes
888 622 1026 693 habebo
1050 644 1182 699 omnes,
1201 631 1242 690 ut

201 738 388 823 praedicent
415 739 622 807 Lucretium
648 737 737 806 nulli
763 738 969 820 secundum,
988 737 1045 807 vel
1071 737 1242 806 facilitate

200 873 260 942 qua
282 855 380 946 viget
405 856 519 936 unice,
543 852 756 946 depingendi
781 875 883 922 versu
907 854 1026 922 omnia
1046 874 1124 943 quae
1145 851 1242 933 velit,

199 969 246 1039 vel
266 970 351 1060 quia
375 993 479 1061 parce
504 968 593 1039 adeo
614 993 655 1039 ac
682 970 841 1038 modeste
862 991 899 1039 se
924 967 1017 1061 gerit
1041 968 1138 1038 inea
1164 991 1242 1059 pro·

191 1086 318 1155 vincia.
372 1084 469 1155 Nam
495 1095 533 1156 et
558 1109 670 1178 pauca
695 1085 740 1154 de
764 1084 887 1154 multis
912 1082 1022 1177 eligit,
1041 1094 1079 1153 et
1096 1107 1147 1164 ea,
1166 1106 1244 1174 quae

183 1222 312 1272 coram
343 1202 464 1271 statim
498 1203 681 1272 intueatur
709 1199 860 1292 simplex
892 1208 929 1269 et
960 1199 1068 1268 virilis
1098 1199 1244 1269 indoles.

178 1311 280 1386 Non
308 1339 388 1386 suas
415 1327 572 1388 sectatur
596 1318 759 1388 delicias:
797 1326 947 1397 veretur,
974 1318 1002 1385 si
1033 1317 1085 1386 fas
1113 1327 1167 1384 est
1196 1315 1247 1383 di-

169 1451 284 1511 cere,
306 1430 454 1500 Naturae
480 1433 716 1524 majestatem.
769 1431 896 1522 Itaque
920 1432 1058 1501 duobus
1082 1431 1246 1499 maximis

167 1549 289 1628 viris,
324 1548 466 1639 utrique
504 1549 540 1616 in
575 1571 639 1617 suo
672 1570 814 1640 genere,
850 1546 1004 1639 palmam
1043 1548 1245 1638 praeripuit:

162 1667 252 1756 qui
273 1672 312 1731 et
330 1663 524 1756 Virgilium
544 1663 698 1747 delectu,
720 1675 758 1733 et
783 1663 954 1733 facilitate
980 1664 1246 1755 aequiparaverit

163 1780 377 1852 Ovidium.

242 1896 352 1978 Quod
380 1904 547 1989 superest,
570 1898 737 1987 quoniam
763 1920 878 1988 neque
903 1920 1016 1988 pauca
1041 1905 1136 1978 sunt,
1155 1893 1249 1965 Aca-

169 2012 336 2092 demici,
359 2019 548 2101 nequent
575 2011 662 2078 mihi
689 2011 832 2101 quidem
860 2010 1011 2089 videtur,
1039 2008 1139 2090 levia,
1166 2032 1247 2099 quae

171 2129 266 2198 dici
297 2138 470 2219 praeterea
499 2127 543 2195 de
577 2125 744 2194 Lucretio
773 2124 903 2207 velim;
941 2124 1046 2193 liceat
1078 2124 1248 2192 hodierno

176 2243 351 2315 sermoni
368 2241 468 2310 velut
490 2240 683 2311 clausulam
701 2240 840 2320 addere,
860 2264 939 2330 quae
963 2239 1072 2309 habet
1093 2238 1154 2307 ille
1172 2261 1250 2307 sua-

180 2359 340 2429 vissima
357 2367 434 2427 tum
454 2359 498 2427 de
515 2359 589 2426 vita
606 2359 747 2449 agresti,
761 2365 838 2425 tum
858 2357 901 2424 de
919 2357 1109 2424 immatura
1126 2355 1250 2446 patris-

184 2476 343 2548 familiae
359 2483 486 2556 morte,
499 2475 559 2564 qui
578 2472 668 2542 alter
685 2472 796 2540 ferme
815 2480 869 2540 est
884 2470 1074 2539 Poetarum
1093 2490 1248 2560 campus.

188 2595 287 2677 Quae
314 2592 453 2682 quoties
480 2589 632 2682 perlego,
660 2587 755 2657 soleo
782 2587 946 2678 equidem
978 2586 1094 2654 mirari
1122 2585 1251 2653 acutis-

191 2711 326 2778 simam
343 2704 495 2773 hominis
515 2702 750 2794 prudentiam,
769 2724 914 2770 manum
935 2703 980 2769 de
1004 2698 1136 2781 tabula,
1155 2699 1249 2788 quod

194 2826 310 2904 aiunt,
346 2822 422 2912 ipso
456 2829 615 2909 tempore
650 2819 930 2898 summoventis;
974 2838 1095 2884 verum
1137 2813 1251 2883 multo

197 2939 315 3008 acrius
337 2959 395 3005 me
419 2934 580 3027 percellit
597 2936 771 3026 ingenuus
788 2933 849 3002 ille
867 2954 974 3003 merae
995 2930 1158 3011 Naturae,
1176 2931 1251 2999 sine

158 3142 161 3146 Ι
199 3053 281 3122 fuco
300 3062 337 3122 et
356 3051 510 3132 fallaciis,
529 3074 636 3120 amor.
689 3049 826 3119 Audite
844 3071 927 3118 vero
939 3059 975 3116 P:

344 3206 373 3260 Si
385 3224 440 3260 non
451 3224 531 3259 aurea
543 3214 606 3258 sunt
614 3206 747 3275 juvenum
760 3202 900 3256 simulacra
912 3220 959 3272 per
971 3201 1041 3255 aedes

344 3292 492 3362 Lampadas
504 3293 628 3362 igniferas
641 3291 765 3344 manibus
777 3290 918 3343 retinentia
928 3288 1037 3350 dextris,

344 3380 459 3433 Lumina
469 3379 608 3432 nocturnis
620 3377 705 3446 epulis
717 3386 748 3430 ut
761 3376 970 3445 suppeditentur,

345 3466 401 3520 Nec
414 3466 511 3520 domus
522 3474 633 3536 argento
645 3465 738 3533 fulget,
752 3480 868 3534 auroque
881 3461 993 3521 renidet,

344 3553 371 3606 N
372 3571 401 3607 ec
413 3553 520 3607 citharis
532 3553 643 3606 reboant
654 3553 775 3621 laqueata
787 3557 928 3621 aurataque
940 3549 1054 3617 templa,

344 3641 380 3694 At
391 3649 481 3693 tamen
492 3640 561 3693 inter
573 3656 601 3691 se
613 3637 737 3707 prostrati
749 3637 777 3689 in
789 3636 909 3706 gramine
922 3636 995 3689 molli

345 3726 456 3795 Propter
468 3744 543 3796 aquae
555 3726 652 3787 rivum,
666 3723 717 3777 sub
730 3724 810 3776 ramis
823 3723 924 3776 arboris
936 3723 1004 3784 altae,

346 3813 409 3866 Non
421 3813 526 3882 magnis
539 3811 634 3880 opibus
644 3809 764 3880 jucunde
777 3826 887 3878 corpora
900 3816 1002 3870 curant,

345 3898 496 3952 Praesertim
508 3916 570 3951 cum
582 3904 724 3966 tempestas
737 3894 842 3958 arridet,
856 3904 882 3948 et
894 3895 956 3947 anni

344 3986 476 4055 Tempora
488 3992 668 4054 conspergunt
680 3982 823 4037 viridantes
836 3980 946 4034 floribus
959 3979 1063 4032 herbas.

257 4124 453 4206 Postremo,
469 4124 623 4190 omnium
645 4122 755 4189 ferme
770 4143 846 4209 quae
865 4141 1017 4208 unquam
1038 4117 1254 4185 exstiterunt

628 4347 642 4383 1>
662 4337 740 4390 Lucr.
756 4354 779 4389 2.
795 4354 837 4402 24.
