2834 4882
181 320 245 386 668
379 322 524 386 Ouidium
530 323 697 407 peramica
710 322 812 385 omnic
827 342 971 396 nemora,
1005 342 1101 384 rann.
1114 343 1225 384 xxxin.

181 516 251 562 non
271 493 410 584 Physici
433 516 531 562 more
553 493 766 563 haecomnia
791 495 921 561 narrari
947 487 1132 586 significet.
1185 490 1225 560 Id

181 610 333 701 proximi
352 632 470 679 versus
487 609 633 690 addunt,
652 619 688 678 et
708 608 941 700 pulcherrime
959 610 1124 699 quidem:

322 752 364 805 Ne
376 752 442 805 mihi
454 760 512 805 tum
524 753 617 805 molles
629 751 681 806 sub
694 750 738 804 dio
750 769 856 820 carpere
868 769 986 814 somnos,

321 837 383 891 Neu
394 838 475 891 dorso
487 838 604 891 nemoris
616 838 696 891 libeat
707 837 822 908 jacuisse
834 856 881 908 per
892 837 1012 900 herbam,

322 925 393 978 Cum
404 925 497 994 positis
510 942 597 978 novus
610 924 720 987 exuviis,
733 924 887 996 nitidusque
895 924 1015 995 juventa,

321 1011 453 1074 Volvitur,
466 1019 512 1064 aut
524 1011 625 1064 catulos
638 1010 714 1063 tectis
726 1019 772 1065 aut
784 1028 834 1064 ova
846 1011 1007 1081 relinquens,

323 1095 433 1150 Arduus
445 1095 478 1149 ad
492 1095 589 1159 Solem,
603 1103 629 1149 et
639 1096 739 1166 linguis
752 1095 831 1149 micat
844 1114 889 1150 ore
900 1096 1025 1150 trisulcis.

183 1210 287 1292 Illud,
305 1209 365 1280 sub
383 1209 453 1294 dic,
473 1220 509 1280 et
527 1208 629 1281 dorso
655 1211 804 1280 nemoris
818 1210 973 1303 jacuisse
992 1233 1060 1304 per
1080 1206 1228 1293 herbera,

182 1329 300 1397 nescio
330 1328 506 1417 quomodo
541 1349 616 1395 rem
651 1337 792 1396 revocat
827 1326 864 1394 in
895 1350 1121 1397 communem
1156 1350 1231 1396 om-

182 1445 281 1512 nium
307 1442 543 1534 provinciam:
571 1466 642 1511 non
664 1441 733 1512 alia
754 1443 864 1512 ferme
891 1444 1036 1526 ratione,
1055 1467 1096 1512 ac
1114 1443 1231 1513 solent

181 1561 359 1629 interdum
379 1559 510 1628 Musici
535 1557 732 1650 simplicem
750 1557 904 1649 aliquam
922 1558 1139 1629 cantilenam
1157 1582 1231 1627 om-

182 1677 354 1766 nibusque
384 1675 608 1744 decantatam
644 1676 804 1744 intexere
838 1673 953 1743 modis
979 1672 1230 1744 delicatissimo

182 1792 329 1862 artificio
355 1791 534 1860 confectis
588 1789 645 1858 Ex
667 1813 737 1881 quo
759 1789 919 1872 efficitur,
938 1813 1057 1860 amore
1075 1791 1229 1881 quodam

183 1908 291 2000 tangi,
309 1907 368 1998 qui
386 1905 470 1976 alias
488 1907 615 1998 frigide
632 1915 772 1975 tantum
790 1916 890 1975 eraut
908 1906 1095 1976 laudaturi.

234 2024 342 2093 Porro
360 2047 431 2092 non
448 2046 560 2114 pauca
582 2023 691 2092 habet
709 2021 868 2105 Ovidius,
887 2046 968 2115 quae
986 2025 1022 2092 in
1039 2023 1107 2093 hac
1125 2046 1230 2093 causa

183 2162 253 2209 non
266 2139 359 2209 male
373 2139 530 2209 conferat
544 2138 670 2229 aliquis
684 2162 766 2208 curn
772 2138 988 2232 Virgilianis.
1016 2138 1095 2209 Diis
1107 2136 1229 2232 geniti,

183 2257 273 2347 apud
302 2264 502 2345 utrumque,
520 2263 685 2345 quaerunt
710 2255 877 2324 mortales
903 2256 1035 2326 avitam
1062 2257 1228 2337 domum3

182 2371 273 2462 apud
294 2368 386 2439 hunc
408 2368 575 2450 phaeton,
594 2370 686 2462 apud
708 2369 810 2439 illum
828 2369 1014 2442 Aristaeus.
1067 2369 1228 2462 Uterque

183 2487 316 2556 divinas
334 2485 492 2578 depingit
510 2487 611 2566 aedes,
626 2485 683 2554 hic
701 2485 802 2566 Solis,
821 2485 882 2555 ille
901 2483 1112 2557 Nereidum.
1165 2484 1228 2557 Vi-

183 2603 266 2670 dete
284 2623 376 2680 vero,
394 2606 566 2689 quantum
594 2598 687 2666 inter
703 2619 762 2668 eos
781 2597 929 2666 intersit.
982 2596 1149 2691 Fulgent‚
1167 2594 1230 2666 mi-

183 2724 274 2796 cant,
300 2720 464 2782 resonant
488 2710 680 2782 Ovidiana:
708 2711 795 2781 nihil
822 2710 869 2780 ibi
896 2735 967 2780 non
992 2708 1227 2805 peregrinum,

183 2832 292 2899 immo
311 2830 548 2920 prodigiosum
560 2836 585 2895 ⁰.

325 2974 407 3044 Regia
421 2972 490 3026 Solis
502 2982 557 3026 erat
570 2967 730 3026 sublimibus
743 2980 805 3041 apta
817 2972 958 3034 columnis,

325 3059 403 3113 Clara
415 3060 528 3113 micante
541 3076 614 3122 auro,
627 3058 801 3130 flammasque
813 3059 932 3113 imitante
944 3078 1062 3131 pyr0p0;

325 3147 409 3217 Cujus
422 3146 488 3200 ebur
500 3145 615 3199 nitidum
628 3145 732 3215 fastigia
745 3163 851 3198 summa
862 3146 977 3210 tenebat,

324 3232 435 3302 Argenti
447 3231 545 3286 bifores
557 3231 695 3285 radiabant
707 3231 808 3285 lumine
820 3232 921 3286 valvae:

324 3319 463 3373 Materiam
476 3317 616 3387 superabat
629 3335 715 3387 opus;
735 3336 797 3371 nam
811 3318 934 3372 Muciber
946 3318 999 3372 illic

324 3404 444 3476 AEquora
456 3405 561 3458 caelarat
572 3403 672 3457 medias
685 3403 818 3473 cingentia
830 3412 922 3466 terras,

323 3492 517 3562 'serrarumque
530 3490 630 3553 orbem,
644 3492 799 3561 caelumque,
814 3491 887 3561 quod
899 3489 1019 3543 imminet
1031 3490 1116 3545 orbi..
1129 3531 1151 3545 ..

326 3579 392 3632 Haec
405 3596 485 3648 super
497 3578 622 3648 imposita
633 3586 673 3632 est
688 3578 745 3632 caeli
757 3578 883 3648 fulgentis
896 3579 993 3648 imago,

325 3665 460 3737 Signaque
473 3683 518 3719 sex
530 3664 632 3719 foribus
645 3664 753 3728 dextris,
766 3665 930 3736 totidemque
943 3662 1065 3718 sinistris.

184 3800 274 3868 Tum
293 3806 372 3889 post
388 3796 517 3889 paulic,

535 3933 671 4004 Purpurea
683 3936 784 3989 velatus
797 3943 870 3988 vesta
881 3933 989 3987 sedebat

325 4022 356 4074 ln
369 4021 435 4075 solio
448 4020 567 4075 Phoebus
580 4021 656 4075 claris
667 4022 773 4076 lucente
785 4020 941 4090 smaragdis.

569 4224 766 4293 οΜεῐαηιοηήι.
781 4238 805 4276 2.
823 4240 845 4275 1.
