<?xml version="1.0" encoding="UTF-8"?>
<!DOCTYPE html PUBLIC "-//W3C//DTD XHTML 1.0 Transitional//EN"
    "http://www.w3.org/TR/xhtml1/DTD/xhtml1-transitional.dtd">
<html xmlns="http://www.w3.org/1999/xhtml" xml:lang="en" lang="en">
 <head>
  <title>
</title>
<meta http-equiv="Content-Type" content="text/html;charset=utf-8" />
  <meta name='ocr-system' content='tesseract 3.04.00' />
  <meta name='ocr-capabilities' content='ocr_page ocr_carea ocr_par ocr_line ocrx_word'/>
</head>
<body>
  <div class='ocr_page' id='page_1' title='image "./depoeticaevimed00keblgoog_0431.png"; bbox 0 0 2768 4876; ppageno 0'>
   <div class='ocr_carea' id='block_1_1' title="bbox 225 343 1275 433">
    <p class='ocr_par' dir='ltr' id='par_1_1' title="bbox 225 343 1275 433">
     <span class='ocr_line' id='line_1_1' title="bbox 225 343 1275 433; baseline 0.003 -24"><span class='ocrx_word' id='word_1_1' title='bbox 225 343 290 409; x_wconf 87' lang='lat'>806</span> <span class='ocrx_word' id='word_1_2' title='bbox 350 346 403 410; x_wconf 77' lang='lat' dir='ltr'>vu</span> <span class='ocrx_word' id='word_1_3' title='bbox 419 345 590 431; x_wconf 64' lang='lat' dir='ltr'>Virgilium</span> <span class='ocrx_word' id='word_1_4' title='bbox 604 346 649 410; x_wconf 82' lang='lat' dir='ltr'>ud</span> <span class='ocrx_word' id='word_1_5' title='bbox 660 347 739 409; x_wconf 65' lang='lat' dir='ltr'>draco</span> <span class='ocrx_word' id='word_1_6' title='bbox 752 368 842 431; x_wconf 76' lang='lat' dir='ltr'>usquc</span> <span class='ocrx_word' id='word_1_7' title='bbox 855 346 935 410; x_wconf 70' lang='lat' dir='ltr'>diam</span> <span class='ocrx_word' id='word_1_8' title='bbox 950 348 1088 433; x_wconf 67' lang='lat' dir='ltr'>carambi.</span> <span class='ocrx_word' id='word_1_9' title='bbox 1119 371 1216 412; x_wconf 71' lang='lat' dir='ltr'>runt.</span> <span class='ocrx_word' id='word_1_10' title='bbox 1228 372 1275 412; x_wconf 71' lang='lat' dir='ltr'>xa</span> 
     </span>
    </p>
   </div>
   <div class='ocr_carea' id='block_1_2' title="bbox 225 518 1275 4406">
    <p class='ocr_par' dir='ltr' id='par_1_2' title="bbox 225 518 1275 2087">
     <span class='ocr_line' id='line_1_2' title="bbox 225 518 1275 611; baseline 0.002 -25"><span class='ocrx_word' id='word_1_11' title='bbox 225 519 289 611; x_wconf 83' lang='lat' dir='ltr'>git,</span> <span class='ocrx_word' id='word_1_12' title='bbox 307 541 411 609; x_wconf 92' lang='lat' dir='ltr'>quem</span> <span class='ocrx_word' id='word_1_13' title='bbox 432 519 557 588; x_wconf 89' lang='lat' dir='ltr'>ducem</span> <span class='ocrx_word' id='word_1_14' title='bbox 586 519 651 589; x_wconf 90' lang='lat' dir='ltr'>sibi</span> <span class='ocrx_word' id='word_1_15' title='bbox 677 518 861 588; x_wconf 85' lang='lat' dir='ltr'>adhiberet</span> <span class='ocrx_word' id='word_1_16' title='bbox 879 540 942 609; x_wconf 86' lang='lat' dir='ltr'>per</span> <span class='ocrx_word' id='word_1_17' title='bbox 955 539 1082 587; x_wconf 85' lang='lat' dir='ltr'>arcana</span> <span class='ocrx_word' id='word_1_18' title='bbox 1100 527 1137 587; x_wconf 84' lang='lat' dir='ltr'>et</span> <span class='ocrx_word' id='word_1_19' title='bbox 1154 518 1275 589; x_wconf 89' lang='lat' dir='ltr'>infima</span> 
     </span>
     <span class='ocr_line' id='line_1_3' title="bbox 226 629 1274 723; baseline -0.003 -22"><span class='ocrx_word' id='word_1_20' title='bbox 226 633 327 702; x_wconf 75' lang='lat' dir='ltr'>local</span> <span class='ocrx_word' id='word_1_21' title='bbox 379 631 477 700; x_wconf 90' lang='lat' dir='ltr'>Num</span> <span class='ocrx_word' id='word_1_22' title='bbox 506 654 628 723; x_wconf 85' lang='lat' dir='ltr'>pamm</span> <span class='ocrx_word' id='word_1_23' title='bbox 655 638 777 721; x_wconf 88' lang='lat' dir='ltr'>aperte</span> <span class='ocrx_word' id='word_1_24' title='bbox 804 629 996 721; x_wconf 82' lang='lat' dir='ltr'>profitetur,</span> <span class='ocrx_word' id='word_1_25' title='bbox 1014 650 1098 698; x_wconf 89' lang='lat' dir='ltr'>eum</span> <span class='ocrx_word' id='word_1_26' title='bbox 1115 652 1162 698; x_wconf 86' lang='lat' dir='ltr'>ex</span> <span class='ocrx_word' id='word_1_27' title='bbox 1186 633 1274 700; x_wconf 90' lang='lat' dir='ltr'>anti-</span> 
     </span>
     <span class='ocr_line' id='line_1_4' title="bbox 226 746 1273 841; baseline 0 -23"><span class='ocrx_word' id='word_1_28' title='bbox 226 752 303 841; x_wconf 84' lang='lat' dir='ltr'>quis</span> <span class='ocrx_word' id='word_1_29' title='bbox 321 750 494 830; x_wconf 89' lang='lat' dir='ltr'>omnibus,</span> <span class='ocrx_word' id='word_1_30' title='bbox 512 771 600 839; x_wconf 92' lang='lat' dir='ltr'>quos</span> <span class='ocrx_word' id='word_1_31' title='bbox 617 747 759 839; x_wconf 89' lang='lat' dir='ltr'>quidem</span> <span class='ocrx_word' id='word_1_32' title='bbox 782 746 920 815; x_wconf 88' lang='lat' dir='ltr'>noverit</span> <span class='ocrx_word' id='word_1_33' title='bbox 942 746 1003 814; x_wconf 89' lang='lat' dir='ltr'>illa</span> <span class='ocrx_word' id='word_1_34' title='bbox 1026 755 1121 827; x_wconf 85' lang='lat' dir='ltr'>aetas,</span> <span class='ocrx_word' id='word_1_35' title='bbox 1139 747 1273 839; x_wconf 90' lang='lat' dir='ltr'>optime</span> 
     </span>
     <span class='ocr_line' id='line_1_5' title="bbox 226 857 1273 952; baseline -0.005 -19"><span class='ocrx_word' id='word_1_36' title='bbox 226 863 364 933; x_wconf 89' lang='lat' dir='ltr'>munire</span> <span class='ocrx_word' id='word_1_37' title='bbox 382 862 485 942; x_wconf 86' lang='lat' dir='ltr'>viam,</span> <span class='ocrx_word' id='word_1_38' title='bbox 503 861 688 930; x_wconf 87' lang='lat' dir='ltr'>veritatem</span> <span class='ocrx_word' id='word_1_39' title='bbox 707 859 978 952; x_wconf 76' lang='lat' dir='ltr'>indagantibus?</span> <span class='ocrx_word' id='word_1_40' title='bbox 1030 857 1161 950; x_wconf 84' lang='lat' dir='ltr'>Neque</span> <span class='ocrx_word' id='word_1_41' title='bbox 1179 859 1273 930; x_wconf 87' lang='lat' dir='ltr'>enim</span> 
     </span>
     <span class='ocr_line' id='line_1_6' title="bbox 226 974 1273 1058; baseline -0.005 -10"><span class='ocrx_word' id='word_1_42' title='bbox 226 978 393 1048; x_wconf 82' lang='lat' dir='ltr'>credibile</span> <span class='ocrx_word' id='word_1_43' title='bbox 411 988 474 1058; x_wconf 87' lang='lat' dir='ltr'>est,</span> <span class='ocrx_word' id='word_1_44' title='bbox 494 977 675 1046; x_wconf 87' lang='lat' dir='ltr'>Poeticam</span> <span class='ocrx_word' id='word_1_45' title='bbox 694 976 766 1044; x_wconf 91' lang='lat' dir='ltr'>vim</span> <span class='ocrx_word' id='word_1_46' title='bbox 784 998 825 1044; x_wconf 90' lang='lat' dir='ltr'>ac</span> <span class='ocrx_word' id='word_1_47' title='bbox 843 974 1067 1044; x_wconf 81' lang='lat' dir='ltr'>dulcedinem</span> <span class='ocrx_word' id='word_1_48' title='bbox 1089 974 1198 1044; x_wconf 84' lang='lat' dir='ltr'>fuisse</span> <span class='ocrx_word' id='word_1_49' title='bbox 1222 997 1273 1043; x_wconf 91' lang='lat' dir='ltr'>so·</span> 
     </span>
     <span class='ocr_line' id='line_1_7' title="bbox 226 1090 1273 1185; baseline -0.003 -22"><span class='ocrx_word' id='word_1_50' title='bbox 226 1096 296 1164; x_wconf 87' lang='lat' dir='ltr'>lam</span> <span class='ocrx_word' id='word_1_51' title='bbox 321 1095 356 1162; x_wconf 91' lang='lat' dir='ltr'>in</span> <span class='ocrx_word' id='word_1_52' title='bbox 381 1116 485 1163; x_wconf 87' lang='lat' dir='ltr'>causa</span> <span class='ocrx_word' id='word_1_53' title='bbox 509 1103 580 1162; x_wconf 90' lang='lat' dir='ltr'>tam</span> <span class='ocrx_word' id='word_1_54' title='bbox 606 1093 703 1185; x_wconf 85' lang='lat' dir='ltr'>gravi</span> <span class='ocrx_word' id='word_1_55' title='bbox 726 1092 896 1182; x_wconf 89' lang='lat' dir='ltr'>scriptori,</span> <span class='ocrx_word' id='word_1_56' title='bbox 914 1114 977 1160; x_wconf 92' lang='lat' dir='ltr'>cur</span> <span class='ocrx_word' id='word_1_57' title='bbox 996 1092 1032 1159; x_wconf 89' lang='lat' dir='ltr'>in</span> <span class='ocrx_word' id='word_1_58' title='bbox 1055 1090 1118 1160; x_wconf 91' lang='lat' dir='ltr'>tali</span> <span class='ocrx_word' id='word_1_59' title='bbox 1136 1113 1176 1160; x_wconf 92' lang='lat' dir='ltr'>re</span> <span class='ocrx_word' id='word_1_60' title='bbox 1194 1092 1273 1160; x_wconf 92' lang='lat' dir='ltr'>sub-</span> 
     </span>
     <span class='ocr_line' id='line_1_8' title="bbox 226 1206 1272 1301; baseline -0.003 -22"><span class='ocrx_word' id='word_1_61' title='bbox 226 1212 314 1279; x_wconf 87' lang='lat' dir='ltr'>sidio</span> <span class='ocrx_word' id='word_1_62' title='bbox 341 1211 416 1301; x_wconf 88' lang='lat' dir='ltr'>ejus</span> <span class='ocrx_word' id='word_1_63' title='bbox 441 1219 612 1279; x_wconf 88' lang='lat' dir='ltr'>uteretur.</span> <span class='ocrx_word' id='word_1_64' title='bbox 665 1208 782 1276; x_wconf 92' lang='lat' dir='ltr'>Immo</span> <span class='ocrx_word' id='word_1_65' title='bbox 797 1230 887 1276; x_wconf 56' lang='lat' dir='ltr'>&gt;vero</span> <span class='ocrx_word' id='word_1_66' title='bbox 915 1206 1099 1277; x_wconf 86' lang='lat' dir='ltr'>Platonica</span> <span class='ocrx_word' id='word_1_67' title='bbox 1119 1207 1272 1300; x_wconf 84' lang='lat' dir='ltr'>Virgilii,</span> 
     </span>
     <span class='ocr_line' id='line_1_9' title="bbox 226 1321 1273 1411; baseline -0.002 -17"><span class='ocrx_word' id='word_1_68' title='bbox 226 1325 313 1394; x_wconf 89' lang='lat' dir='ltr'>mibi</span> <span class='ocrx_word' id='word_1_69' title='bbox 332 1324 476 1405; x_wconf 80' lang='lat' dir='ltr'>credite,</span> <span class='ocrx_word' id='word_1_70' title='bbox 495 1324 640 1405; x_wconf 83' lang='lat' dir='ltr'>somnia,</span> <span class='ocrx_word' id='word_1_71' title='bbox 658 1324 873 1411; x_wconf 81' lang='lat' dir='ltr'>obscuraque</span> <span class='ocrx_word' id='word_1_72' title='bbox 892 1323 935 1392; x_wconf 90' lang='lat' dir='ltr'>de</span> <span class='ocrx_word' id='word_1_73' title='bbox 952 1323 1030 1391; x_wconf 91' lang='lat' dir='ltr'>Diis</span> <span class='ocrx_word' id='word_1_74' title='bbox 1049 1321 1220 1392; x_wconf 82' lang='lat' dir='ltr'>Manibus</span> <span class='ocrx_word' id='word_1_75' title='bbox 1237 1333 1273 1392; x_wconf 94' lang='lat' dir='ltr'>et</span> 
     </span>
     <span class='ocr_line' id='line_1_10' title="bbox 226 1436 1272 1530; baseline -0.001 -22"><span class='ocrx_word' id='word_1_76' title='bbox 226 1441 270 1508; x_wconf 89' lang='lat' dir='ltr'>de</span> <span class='ocrx_word' id='word_1_77' title='bbox 300 1446 396 1508; x_wconf 84' lang='lat' dir='ltr'>statu</span> <span class='ocrx_word' id='word_1_78' title='bbox 431 1447 651 1506; x_wconf 90' lang='lat' dir='ltr'>mortuorum</span> <span class='ocrx_word' id='word_1_79' title='bbox 685 1438 839 1530; x_wconf 75' lang='lat' dir='ltr'>auguria</span> <span class='ocrx_word' id='word_1_80' title='bbox 870 1438 1069 1507; x_wconf 81' lang='lat' dir='ltr'>insederant</span> <span class='ocrx_word' id='word_1_81' title='bbox 1099 1436 1207 1507; x_wconf 87' lang='lat' dir='ltr'>altius</span> <span class='ocrx_word' id='word_1_82' title='bbox 1236 1440 1272 1507; x_wconf 93' lang='lat' dir='ltr'>in</span> 
     </span>
     <span class='ocr_line' id='line_1_11' title="bbox 226 1553 1274 1646; baseline -0.001 -23"><span class='ocrx_word' id='word_1_83' title='bbox 226 1557 310 1646; x_wconf 90' lang='lat' dir='ltr'>ipsis</span> <span class='ocrx_word' id='word_1_84' title='bbox 333 1554 533 1645; x_wconf 90' lang='lat' dir='ltr'>praecordiis</span> <span class='ocrx_word' id='word_1_85' title='bbox 559 1554 678 1646; x_wconf 87' lang='lat' dir='ltr'>magni</span> <span class='ocrx_word' id='word_1_86' title='bbox 704 1577 745 1623; x_wconf 89' lang='lat' dir='ltr'>ac</span> <span class='ocrx_word' id='word_1_87' title='bbox 770 1553 924 1645; x_wconf 87' lang='lat' dir='ltr'>praeclari</span> <span class='ocrx_word' id='word_1_88' title='bbox 948 1553 1032 1635; x_wconf 91' lang='lat' dir='ltr'>viri;</span> <span class='ocrx_word' id='word_1_89' title='bbox 1057 1576 1174 1644; x_wconf 88' lang='lat' dir='ltr'>neque</span> <span class='ocrx_word' id='word_1_90' title='bbox 1200 1554 1274 1623; x_wconf 91' lang='lat' dir='ltr'>ullo</span> 
     </span>
     <span class='ocr_line' id='line_1_12' title="bbox 225 1667 1273 1762; baseline -0.001 -23"><span class='ocrx_word' id='word_1_91' title='bbox 225 1671 331 1739; x_wconf 89' lang='lat' dir='ltr'>modo</span> <span class='ocrx_word' id='word_1_92' title='bbox 349 1670 415 1739; x_wconf 88' lang='lat' dir='ltr'>sibi</span> <span class='ocrx_word' id='word_1_93' title='bbox 433 1679 630 1760; x_wconf 86' lang='lat' dir='ltr'>temperare</span> <span class='ocrx_word' id='word_1_94' title='bbox 647 1670 774 1760; x_wconf 91' lang='lat' dir='ltr'>potuit,</span> <span class='ocrx_word' id='word_1_95' title='bbox 793 1669 877 1759; x_wconf 91' lang='lat' dir='ltr'>quin</span> <span class='ocrx_word' id='word_1_96' title='bbox 891 1667 1082 1762; x_wconf 84' lang='lat' dir='ltr'>Virgilium</span> <span class='ocrx_word' id='word_1_97' title='bbox 1095 1671 1273 1761; x_wconf 87' lang='lat' dir='ltr'>judicaret</span> 
     </span>
     <span class='ocr_line' id='line_1_13' title="bbox 225 1784 1272 1877; baseline 0 -23"><span class='ocrx_word' id='word_1_98' title='bbox 225 1785 394 1854; x_wconf 90' lang='lat' dir='ltr'>divinitus</span> <span class='ocrx_word' id='word_1_99' title='bbox 420 1785 679 1875; x_wconf 86' lang='lat' dir='ltr'>quodammodo</span> <span class='ocrx_word' id='word_1_100' title='bbox 706 1786 779 1855; x_wconf 90' lang='lat' dir='ltr'>dari</span> <span class='ocrx_word' id='word_1_101' title='bbox 810 1784 1021 1864; x_wconf 87' lang='lat' dir='ltr'>hominibus,</span> <span class='ocrx_word' id='word_1_102' title='bbox 1047 1787 1107 1877; x_wconf 94' lang='lat' dir='ltr'>qui</span> <span class='ocrx_word' id='word_1_103' title='bbox 1135 1788 1272 1856; x_wconf 89' lang='lat' dir='ltr'>aditum</span> 
     </span>
     <span class='ocr_line' id='line_1_14' title="bbox 226 1900 1275 1993; baseline -0.001 -22"><span class='ocrx_word' id='word_1_104' title='bbox 226 1911 364 1992; x_wconf 86' lang='lat' dir='ltr'>pararet</span> <span class='ocrx_word' id='word_1_105' title='bbox 390 1903 544 1992; x_wconf 87' lang='lat' dir='ltr'>ingenuo</span> <span class='ocrx_word' id='word_1_106' title='bbox 576 1902 703 1992; x_wconf 90' lang='lat' dir='ltr'>cuique</span> <span class='ocrx_word' id='word_1_107' title='bbox 733 1901 778 1970; x_wconf 87' lang='lat' dir='ltr'>ad</span> <span class='ocrx_word' id='word_1_108' title='bbox 804 1923 921 1970; x_wconf 89' lang='lat' dir='ltr'>veram</span> <span class='ocrx_word' id='word_1_109' title='bbox 953 1900 1171 1992; x_wconf 85' lang='lat' dir='ltr'>solidamque</span> <span class='ocrx_word' id='word_1_110' title='bbox 1201 1903 1275 1993; x_wconf 88' lang='lat' dir='ltr'>pie-</span> 
     </span>
     <span class='ocr_line' id='line_1_15' title="bbox 228 2025 351 2087; baseline 0.016 -2"><span class='ocrx_word' id='word_1_111' title='bbox 228 2025 351 2087; x_wconf 89' lang='lat' dir='ltr'>tatem.</span> 
     </span>
    </p>

    <p class='ocr_par' dir='ltr' id='par_1_3' title="bbox 226 2133 1273 3610">
     <span class='ocr_line' id='line_1_16' title="bbox 280 2133 1272 2226; baseline 0.004 -26"><span class='ocrx_word' id='word_1_112' title='bbox 280 2133 402 2216; x_wconf 74' lang='lat' dir='ltr'>Quid?</span> <span class='ocrx_word' id='word_1_113' title='bbox 439 2135 648 2225; x_wconf 86' lang='lat' dir='ltr'>posteriores</span> <span class='ocrx_word' id='word_1_114' title='bbox 678 2135 808 2226; x_wconf 90' lang='lat' dir='ltr'>quique</span> <span class='ocrx_word' id='word_1_115' title='bbox 840 2133 971 2216; x_wconf 85' lang='lat' dir='ltr'>Poetae,</span> <span class='ocrx_word' id='word_1_116' title='bbox 1002 2136 1060 2224; x_wconf 93' lang='lat' dir='ltr'>qui</span> <span class='ocrx_word' id='word_1_117' title='bbox 1094 2134 1148 2203; x_wconf 90' lang='lat' dir='ltr'>vel</span> <span class='ocrx_word' id='word_1_118' title='bbox 1180 2135 1272 2226; x_wconf 91' lang='lat' dir='ltr'>apud</span> 
     </span>
     <span class='ocr_line' id='line_1_17' title="bbox 229 2248 1272 2342; baseline 0.003 -25"><span class='ocrx_word' id='word_1_119' title='bbox 229 2248 339 2318; x_wconf 85' lang='lat' dir='ltr'>Italos</span> <span class='ocrx_word' id='word_1_120' title='bbox 352 2249 408 2317; x_wconf 92' lang='lat' dir='ltr'>vel</span> <span class='ocrx_word' id='word_1_121' title='bbox 427 2251 518 2340; x_wconf 86' lang='lat' dir='ltr'>apud</span> <span class='ocrx_word' id='word_1_122' title='bbox 537 2272 601 2318; x_wconf 91' lang='lat' dir='ltr'>nos</span> <span class='ocrx_word' id='word_1_123' title='bbox 619 2252 795 2342; x_wconf 87' lang='lat' dir='ltr'>egregiam</span> <span class='ocrx_word' id='word_1_124' title='bbox 814 2251 879 2319; x_wconf 92' lang='lat' dir='ltr'>sibi</span> <span class='ocrx_word' id='word_1_125' title='bbox 898 2250 1037 2319; x_wconf 89' lang='lat' dir='ltr'>landem</span> <span class='ocrx_word' id='word_1_126' title='bbox 1055 2262 1272 2333; x_wconf 88' lang='lat' dir='ltr'>meruerunt,</span> 
     </span>
     <span class='ocr_line' id='line_1_18' title="bbox 227 2364 1272 2457; baseline 0.001 -24"><span class='ocrx_word' id='word_1_127' title='bbox 227 2388 308 2433; x_wconf 91' lang='lat' dir='ltr'>curn</span> <span class='ocrx_word' id='word_1_128' title='bbox 323 2366 418 2456; x_wconf 89' lang='lat' dir='ltr'>prius</span> <span class='ocrx_word' id='word_1_129' title='bbox 430 2364 567 2434; x_wconf 87' lang='lat' dir='ltr'>Latinis</span> <span class='ocrx_word' id='word_1_130' title='bbox 580 2365 690 2434; x_wconf 85' lang='lat' dir='ltr'>literis</span> <span class='ocrx_word' id='word_1_131' title='bbox 704 2367 832 2435; x_wconf 93' lang='lat' dir='ltr'>imbuti</span> <span class='ocrx_word' id='word_1_132' title='bbox 844 2366 1011 2448; x_wconf 82' lang='lat' dir='ltr'>fuissent3</span> <span class='ocrx_word' id='word_1_133' title='bbox 1029 2366 1151 2457; x_wconf 88' lang='lat' dir='ltr'>quales</span> <span class='ocrx_word' id='word_1_134' title='bbox 1162 2378 1272 2448; x_wconf 89' lang='lat' dir='ltr'>erant,</span> 
     </span>
     <span class='ocr_line' id='line_1_19' title="bbox 228 2480 1272 2573; baseline 0.005 -26"><span class='ocrx_word' id='word_1_135' title='bbox 228 2481 323 2551; x_wconf 90' lang='lat' dir='ltr'>verbi</span> <span class='ocrx_word' id='word_1_136' title='bbox 338 2481 461 2573; x_wconf 83' lang='lat' dir='ltr'>gratia,</span> <span class='ocrx_word' id='word_1_137' title='bbox 476 2481 533 2550; x_wconf 95' lang='lat' dir='ltr'>hic</span> <span class='ocrx_word' id='word_1_138' title='bbox 548 2480 742 2572; x_wconf 85' lang='lat' dir='ltr'>Spenserus</span> <span class='ocrx_word' id='word_1_139' title='bbox 758 2489 887 2561; x_wconf 88' lang='lat' dir='ltr'>noster,</span> <span class='ocrx_word' id='word_1_140' title='bbox 899 2481 971 2550; x_wconf 93' lang='lat' dir='ltr'>illic</span> <span class='ocrx_word' id='word_1_141' title='bbox 982 2482 1181 2573; x_wconf 88' lang='lat' dir='ltr'>Torquatus</span> <span class='ocrx_word' id='word_1_142' title='bbox 1192 2483 1272 2552; x_wconf 88' lang='lat' dir='ltr'>Tas-</span> 
     </span>
     <span class='ocr_line' id='line_1_20' title="bbox 227 2597 1271 2689; baseline 0 -23"><span class='ocrx_word' id='word_1_143' title='bbox 227 2621 305 2666; x_wconf 89' lang='lat' dir='ltr'>sus:</span> <span class='ocrx_word' id='word_1_144' title='bbox 329 2620 445 2665; x_wconf 87' lang='lat' dir='ltr'>norme</span> <span class='ocrx_word' id='word_1_145' title='bbox 463 2598 513 2664; x_wconf 89' lang='lat' dir='ltr'>ita</span> <span class='ocrx_word' id='word_1_146' title='bbox 530 2597 688 2688; x_wconf 83' lang='lat' dir='ltr'>plerique</span> <span class='ocrx_word' id='word_1_147' title='bbox 706 2599 928 2688; x_wconf 90' lang='lat' dir='ltr'>scripserunt,</span> <span class='ocrx_word' id='word_1_148' title='bbox 942 2607 982 2666; x_wconf 91' lang='lat' dir='ltr'>ut</span> <span class='ocrx_word' id='word_1_149' title='bbox 1000 2598 1146 2689; x_wconf 88' lang='lat' dir='ltr'>singulis</span> <span class='ocrx_word' id='word_1_150' title='bbox 1163 2599 1271 2668; x_wconf 87' lang='lat' dir='ltr'>ferme</span> 
     </span>
     <span class='ocr_line' id='line_1_21' title="bbox 226 2712 1271 2805; baseline 0.002 -25"><span class='ocrx_word' id='word_1_151' title='bbox 226 2715 362 2805; x_wconf 85' lang='lat' dir='ltr'>paginis</span> <span class='ocrx_word' id='word_1_152' title='bbox 382 2713 568 2781; x_wconf 88' lang='lat' dir='ltr'>Maronem</span> <span class='ocrx_word' id='word_1_153' title='bbox 589 2713 651 2780; x_wconf 90' lang='lat' dir='ltr'>sibi</span> <span class='ocrx_word' id='word_1_154' title='bbox 672 2722 851 2780; x_wconf 88' lang='lat' dir='ltr'>sumerent</span> <span class='ocrx_word' id='word_1_155' title='bbox 876 2712 1109 2804; x_wconf 68' lang='lat' dir='ltr'>magistrum?</span> <span class='ocrx_word' id='word_1_156' title='bbox 1141 2713 1271 2782; x_wconf 87' lang='lat' dir='ltr'>Nonne</span> 
     </span>
     <span class='ocr_line' id='line_1_22' title="bbox 226 2826 1271 2918; baseline 0.001 -24"><span class='ocrx_word' id='word_1_157' title='bbox 226 2850 391 2918; x_wconf 87' lang='lat' dir='ltr'>maguam</span> <span class='ocrx_word' id='word_1_158' title='bbox 409 2836 544 2917; x_wconf 88' lang='lat' dir='ltr'>partem</span> <span class='ocrx_word' id='word_1_159' title='bbox 560 2849 604 2894; x_wconf 90' lang='lat' dir='ltr'>ex</span> <span class='ocrx_word' id='word_1_160' title='bbox 623 2827 691 2896; x_wconf 91' lang='lat' dir='ltr'>illis</span> <span class='ocrx_word' id='word_1_161' title='bbox 708 2828 900 2895; x_wconf 89' lang='lat' dir='ltr'>dimanavit</span> <span class='ocrx_word' id='word_1_162' title='bbox 918 2828 960 2895; x_wconf 94' lang='lat' dir='ltr'>ad</span> <span class='ocrx_word' id='word_1_163' title='bbox 980 2826 1042 2895; x_wconf 88' lang='lat' dir='ltr'>has</span> <span class='ocrx_word' id='word_1_164' title='bbox 1060 2829 1271 2896; x_wconf 89' lang='lat' dir='ltr'>recentiores</span> 
     </span>
     <span class='ocr_line' id='line_1_23' title="bbox 228 2942 1271 3034; baseline 0.002 -25"><span class='ocrx_word' id='word_1_165' title='bbox 228 2942 416 3011; x_wconf 89' lang='lat' dir='ltr'>Poetarum</span> <span class='ocrx_word' id='word_1_166' title='bbox 437 2942 585 3011; x_wconf 85' lang='lat' dir='ltr'>familias</span> <span class='ocrx_word' id='word_1_167' title='bbox 604 2943 821 3034; x_wconf 89' lang='lat' dir='ltr'>Virgilianus</span> <span class='ocrx_word' id='word_1_168' title='bbox 839 2944 980 3033; x_wconf 91' lang='lat' dir='ltr'>quidam</span> <span class='ocrx_word' id='word_1_169' title='bbox 1009 2965 1120 3032; x_wconf 88' lang='lat' dir='ltr'>sapor,</span> <span class='ocrx_word' id='word_1_170' title='bbox 1138 2952 1177 3011; x_wconf 91' lang='lat' dir='ltr'>et</span> <span class='ocrx_word' id='word_1_171' title='bbox 1195 2942 1271 3011; x_wconf 88' lang='lat' dir='ltr'>reli·</span> 
     </span>
     <span class='ocr_line' id='line_1_24' title="bbox 226 3058 1273 3150; baseline 0.001 -25"><span class='ocrx_word' id='word_1_172' title='bbox 226 3059 323 3150; x_wconf 87' lang='lat' dir='ltr'>giosa</span> <span class='ocrx_word' id='word_1_173' title='bbox 353 3061 470 3126; x_wconf 88' lang='lat' dir='ltr'>nescio</span> <span class='ocrx_word' id='word_1_174' title='bbox 497 3082 572 3148; x_wconf 87' lang='lat' dir='ltr'>quae</span> <span class='ocrx_word' id='word_1_175' title='bbox 600 3058 747 3127; x_wconf 86' lang='lat' dir='ltr'>Naturae</span> <span class='ocrx_word' id='word_1_176' title='bbox 778 3060 921 3148; x_wconf 87' lang='lat' dir='ltr'>ejusque</span> <span class='ocrx_word' id='word_1_177' title='bbox 948 3058 1151 3127; x_wconf 88' lang='lat' dir='ltr'>deliciarum</span> <span class='ocrx_word' id='word_1_178' title='bbox 1184 3060 1273 3128; x_wconf 85' lang='lat' dir='ltr'>aesti-</span> 
     </span>
     <span class='ocr_line' id='line_1_25' title="bbox 228 3172 1271 3263; baseline 0.001 -23"><span class='ocrx_word' id='word_1_179' title='bbox 228 3174 361 3242; x_wconf 76' lang='lat' dir='ltr'>matio?</span> <span class='ocrx_word' id='word_1_180' title='bbox 393 3197 461 3263; x_wconf 90' lang='lat' dir='ltr'>qua</span> <span class='ocrx_word' id='word_1_181' title='bbox 492 3174 636 3254; x_wconf 88' lang='lat' dir='ltr'>scilicet,</span> <span class='ocrx_word' id='word_1_182' title='bbox 667 3181 708 3240; x_wconf 89' lang='lat' dir='ltr'>ut</span> <span class='ocrx_word' id='word_1_183' title='bbox 742 3196 822 3241; x_wconf 90' lang='lat' dir='ltr'>suos</span> <span class='ocrx_word' id='word_1_184' title='bbox 848 3172 1003 3255; x_wconf 83' lang='lat' dir='ltr'>Quirites</span> <span class='ocrx_word' id='word_1_185' title='bbox 1033 3174 1271 3243; x_wconf 87' lang='lat' dir='ltr'>vindicaverat</span> 
     </span>
     <span class='ocr_line' id='line_1_26' title="bbox 228 3287 1272 3369; baseline -0.001 -12"><span class='ocrx_word' id='word_1_186' title='bbox 228 3298 310 3357; x_wconf 90' lang='lat' dir='ltr'>ante</span> <span class='ocrx_word' id='word_1_187' title='bbox 333 3288 377 3356; x_wconf 89' lang='lat' dir='ltr'>ab</span> <span class='ocrx_word' id='word_1_188' title='bbox 404 3290 546 3356; x_wconf 88' lang='lat' dir='ltr'>immani</span> <span class='ocrx_word' id='word_1_189' title='bbox 575 3287 635 3357; x_wconf 91' lang='lat' dir='ltr'>illa</span> <span class='ocrx_word' id='word_1_190' title='bbox 656 3297 693 3356; x_wconf 90' lang='lat' dir='ltr'>et</span> <span class='ocrx_word' id='word_1_191' title='bbox 715 3288 881 3363; x_wconf 87' lang='lat' dir='ltr'>bellicosa</span> <span class='ocrx_word' id='word_1_192' title='bbox 898 3288 1048 3369; x_wconf 89' lang='lat' dir='ltr'>feritate,</span> <span class='ocrx_word' id='word_1_193' title='bbox 1067 3289 1116 3357; x_wconf 90' lang='lat' dir='ltr'>sic</span> <span class='ocrx_word' id='word_1_194' title='bbox 1135 3300 1272 3357; x_wconf 86' lang='lat' dir='ltr'>nostros</span> 
     </span>
     <span class='ocr_line' id='line_1_27' title="bbox 227 3400 1271 3498; baseline 0.001 -28"><span class='ocrx_word' id='word_1_195' title='bbox 227 3403 387 3471; x_wconf 89' lang='lat' dir='ltr'>homines</span> <span class='ocrx_word' id='word_1_196' title='bbox 413 3428 433 3472; x_wconf 92' lang='lat' dir='ltr'>a</span> <span class='ocrx_word' id='word_1_197' title='bbox 458 3400 646 3498; x_wconf 77' lang='grc' dir='ltr'>κακοζηλίᾳ,</span> <span class='ocrx_word' id='word_1_198' title='bbox 665 3428 742 3494; x_wconf 85' lang='lat' dir='ltr'>quae</span> <span class='ocrx_word' id='word_1_199' title='bbox 760 3413 914 3483; x_wconf 92' lang='lat' dir='ltr'>vocatur,</span> <span class='ocrx_word' id='word_1_200' title='bbox 933 3405 1135 3485; x_wconf 89' lang='lat' dir='ltr'>vindicaret,</span> <span class='ocrx_word' id='word_1_201' title='bbox 1158 3427 1271 3495; x_wconf 90' lang='lat' dir='ltr'>neque</span> 
     </span>
     <span class='ocr_line' id='line_1_28' title="bbox 226 3517 1239 3610; baseline 0.005 -27"><span class='ocrx_word' id='word_1_202' title='bbox 226 3517 406 3608; x_wconf 88' lang='lat' dir='ltr'>ingenium</span> <span class='ocrx_word' id='word_1_203' title='bbox 420 3519 556 3609; x_wconf 91' lang='lat' dir='ltr'>judicio</span> <span class='ocrx_word' id='word_1_204' title='bbox 574 3543 701 3599; x_wconf 83' lang='lat' dir='ltr'>carere,</span> <span class='ocrx_word' id='word_1_205' title='bbox 716 3529 753 3587; x_wconf 89' lang='lat' dir='ltr'>et</span> <span class='ocrx_word' id='word_1_206' title='bbox 771 3520 887 3610; x_wconf 90' lang='lat' dir='ltr'>specie</span> <span class='ocrx_word' id='word_1_207' title='bbox 905 3520 987 3588; x_wconf 87' lang='lat' dir='ltr'>boui</span> <span class='ocrx_word' id='word_1_208' title='bbox 1005 3519 1079 3587; x_wconf 86' lang='lat' dir='ltr'>falli</span> <span class='ocrx_word' id='word_1_209' title='bbox 1098 3523 1239 3590; x_wconf 87' lang='lat' dir='ltr'>sineret.</span> 
     </span>
    </p>

    <p class='ocr_par' dir='ltr' id='par_1_4' title="bbox 226 3630 1272 4406">
     <span class='ocr_line' id='line_1_29' title="bbox 278 3630 1270 3723; baseline 0.006 -27"><span class='ocrx_word' id='word_1_210' title='bbox 278 3630 358 3697; x_wconf 88' lang='lat' dir='ltr'>“At</span> <span class='ocrx_word' id='word_1_211' title='bbox 387 3633 480 3698; x_wconf 91' lang='lat' dir='ltr'>enim</span> <span class='ocrx_word' id='word_1_212' title='bbox 510 3632 616 3700; x_wconf 90' lang='lat' dir='ltr'>iidem</span> <span class='ocrx_word' id='word_1_213' title='bbox 643 3634 671 3700; x_wconf 90' lang='lat' dir='ltr'>si</span> <span class='ocrx_word' id='word_1_214' title='bbox 698 3656 779 3701; x_wconf 89' lang='lat' dir='ltr'>cum</span> <span class='ocrx_word' id='word_1_215' title='bbox 804 3634 979 3701; x_wconf 88' lang='lat' dir='ltr'>veteribus</span> <span class='ocrx_word' id='word_1_216' title='bbox 1000 3644 1270 3723; x_wconf 87' lang='lat' dir='ltr'>componuntur,</span> 
     </span>
     <span class='ocr_line' id='line_1_30' title="bbox 227 3744 1271 3840; baseline 0.006 -29"><span class='ocrx_word' id='word_1_217' title='bbox 227 3744 332 3835; x_wconf 84' lang='lat' dir='ltr'>longe</span> <span class='ocrx_word' id='word_1_218' title='bbox 350 3745 509 3835; x_wconf 84' lang='lat' dir='ltr'>plerique</span> <span class='ocrx_word' id='word_1_219' title='bbox 525 3748 675 3837; x_wconf 89' lang='lat' dir='ltr'>impares</span> <span class='ocrx_word' id='word_1_220' title='bbox 689 3748 904 3816; x_wconf 90' lang='lat' dir='ltr'>evaserunt.”</span> <span class='ocrx_word' id='word_1_221' title='bbox 936 3747 1024 3829; x_wconf 84' lang='lat' dir='ltr'>Quis</span> <span class='ocrx_word' id='word_1_222' title='bbox 1041 3749 1173 3840; x_wconf 73' lang='lat' dir='ltr'>neget?</span> <span class='ocrx_word' id='word_1_223' title='bbox 1195 3760 1271 3817; x_wconf 90' lang='lat' dir='ltr'>tum</span> 
     </span>
     <span class='ocr_line' id='line_1_31' title="bbox 227 3862 1272 3954; baseline 0.007 -28"><span class='ocrx_word' id='word_1_224' title='bbox 227 3871 370 3950; x_wconf 89' lang='lat' dir='ltr'>propter</span> <span class='ocrx_word' id='word_1_225' title='bbox 390 3862 549 3928; x_wconf 89' lang='lat' dir='ltr'>imitandi</span> <span class='ocrx_word' id='word_1_226' title='bbox 574 3885 695 3952; x_wconf 87' lang='lat' dir='ltr'>genus,</span> <span class='ocrx_word' id='word_1_227' title='bbox 715 3887 783 3953; x_wconf 93' lang='lat' dir='ltr'>quo</span> <span class='ocrx_word' id='word_1_228' title='bbox 802 3864 876 3952; x_wconf 90' lang='lat' dir='ltr'>ipso</span> <span class='ocrx_word' id='word_1_229' title='bbox 894 3862 1020 3954; x_wconf 83' lang='lat' dir='ltr'>frigere</span> <span class='ocrx_word' id='word_1_230' title='bbox 1039 3863 1130 3931; x_wconf 89' lang='lat' dir='ltr'>solet</span> <span class='ocrx_word' id='word_1_231' title='bbox 1149 3888 1272 3933; x_wconf 88' lang='lat' dir='ltr'>manus</span> 
     </span>
     <span class='ocr_line' id='line_1_32' title="bbox 226 3973 1272 4068; baseline 0.007 -28"><span class='ocrx_word' id='word_1_232' title='bbox 226 3973 354 4062; x_wconf 92' lang='lat' dir='ltr'>alioqui</span> <span class='ocrx_word' id='word_1_233' title='bbox 382 3996 452 4041; x_wconf 91' lang='lat' dir='ltr'>non</span> <span class='ocrx_word' id='word_1_234' title='bbox 478 3977 618 4065; x_wconf 91' lang='lat' dir='ltr'>penitus</span> <span class='ocrx_word' id='word_1_235' title='bbox 639 3979 778 4068; x_wconf 88' lang='lat' dir='ltr'>inepta;</span> <span class='ocrx_word' id='word_1_236' title='bbox 806 3988 882 4045; x_wconf 88' lang='lat' dir='ltr'>tum</span> <span class='ocrx_word' id='word_1_237' title='bbox 901 3978 946 4045; x_wconf 92' lang='lat' dir='ltr'>ob</span> <span class='ocrx_word' id='word_1_238' title='bbox 965 3980 1177 4047; x_wconf 90' lang='lat' dir='ltr'>commercia</span> <span class='ocrx_word' id='word_1_239' title='bbox 1195 3979 1272 4048; x_wconf 89' lang='lat' dir='ltr'>lite-</span> 
     </span>
     <span class='ocr_line' id='line_1_33' title="bbox 227 4091 1271 4186; baseline 0.008 -31"><span class='ocrx_word' id='word_1_240' title='bbox 227 4111 341 4156; x_wconf 89' lang='lat' dir='ltr'>rarum</span> <span class='ocrx_word' id='word_1_241' title='bbox 365 4091 595 4181; x_wconf 86' lang='lat' dir='ltr'>ingenuarum</span> <span class='ocrx_word' id='word_1_242' title='bbox 614 4093 752 4184; x_wconf 83' lang='lat' dir='ltr'>lougius</span> <span class='ocrx_word' id='word_1_243' title='bbox 769 4095 803 4161; x_wconf 90' lang='lat' dir='ltr'>in</span> <span class='ocrx_word' id='word_1_244' title='bbox 824 4116 927 4162; x_wconf 88' lang='lat' dir='ltr'>omne</span> <span class='ocrx_word' id='word_1_245' title='bbox 952 4117 1064 4186; x_wconf 88' lang='lat' dir='ltr'>genus</span> <span class='ocrx_word' id='word_1_246' title='bbox 1087 4095 1271 4163; x_wconf 90' lang='lat' dir='ltr'>hominum</span> 
     </span>
     <span class='ocr_line' id='line_1_34' title="bbox 227 4202 1271 4291; baseline 0.008 -23"><span class='ocrx_word' id='word_1_247' title='bbox 227 4202 361 4282; x_wconf 84' lang='lat' dir='ltr'>diffusa,</span> <span class='ocrx_word' id='word_1_248' title='bbox 388 4207 528 4273; x_wconf 88' lang='lat' dir='ltr'>nemine</span> <span class='ocrx_word' id='word_1_249' title='bbox 555 4207 699 4286; x_wconf 84' lang='lat' dir='ltr'>scilicet,</span> <span class='ocrx_word' id='word_1_250' title='bbox 722 4209 774 4276; x_wconf 91' lang='lat' dir='ltr'>uti</span> <span class='ocrx_word' id='word_1_251' title='bbox 801 4230 893 4276; x_wconf 88' lang='lat' dir='ltr'>nuuc</span> <span class='ocrx_word' id='word_1_252' title='bbox 921 4232 975 4277; x_wconf 86' lang='lat' dir='ltr'>res</span> <span class='ocrx_word' id='word_1_253' title='bbox 1002 4232 1038 4277; x_wconf 91' lang='lat' dir='ltr'>se</span> <span class='ocrx_word' id='word_1_254' title='bbox 1064 4209 1183 4291; x_wconf 91' lang='lat' dir='ltr'>habet,</span> <span class='ocrx_word' id='word_1_255' title='bbox 1202 4233 1271 4277; x_wconf 89' lang='lat' dir='ltr'>nou</span> 
     </span>
     <span class='ocr_line' id='line_1_35' title="bbox 228 4320 1272 4406; baseline 0.011 -24"><span class='ocrx_word' id='word_1_256' title='bbox 228 4325 351 4384; x_wconf 89' lang='lat' dir='ltr'>vocato</span> <span class='ocrx_word' id='word_1_257' title='bbox 379 4321 413 4385; x_wconf 88' lang='lat' dir='ltr'>in</span> <span class='ocrx_word' id='word_1_258' title='bbox 442 4320 654 4390; x_wconf 87' lang='lat' dir='ltr'>liberrimam</span> <span class='ocrx_word' id='word_1_259' title='bbox 674 4346 793 4391; x_wconf 88' lang='lat' dir='ltr'>earum</span> <span class='ocrx_word' id='word_1_260' title='bbox 818 4325 946 4392; x_wconf 87' lang='lat' dir='ltr'>artium</span> <span class='ocrx_word' id='word_1_261' title='bbox 974 4327 1272 4406; x_wconf 85' lang='lat' dir='ltr'>communionem,</span> 
     </span>
    </p>
   </div>
   <div class='ocr_carea' id='block_1_3' title="bbox 0 0 1388 4876">
    <p class='ocr_par' dir='ltr' id='par_1_5' title="bbox 0 0 1388 4876">
     <span class='ocr_line' id='line_1_36' title="bbox 0 0 1388 4876; baseline 0 0"><span class='ocrx_word' id='word_1_262' title='bbox 0 0 1388 4876; x_wconf 95' lang='lat' dir='ltr'> </span> 
     </span>
    </p>
   </div>
  </div>
 </body>
</html>
