2768 4876
167 347 256 388 rann.
266 345 345 388 xxx.
440 325 560 388 Graeeos
573 345 608 387 eu
623 325 837 409 quodammodo
851 324 993 387 caruisse.
1146 320 1211 386 613

168 496 297 566 rietatis
322 519 445 566 earum
475 517 597 564 rerum·
618 517 705 586 quas
732 493 842 564 oculis
869 494 1103 584 undequaque
1128 516 1211 562 con·

165 614 339 704 spicimus.

212 725 339 817 Atque
355 748 422 819 ego
440 725 506 795 hoc
524 734 684 817 tempore
702 727 746 795 de
763 726 877 794 causis
899 726 1045 794 minime
1068 725 1209 807 labor0;

164 844 270 912 modo
290 842 512 911 considerent
530 839 637 908 velim
663 838 834 921 homines,
856 861 912 909 res
936 841 987 908 ita
1010 862 1047 909 se
1070 840 1209 924 habeat,

165 981 287 1028 necne.
340 957 434 1026 Illud
460 965 556 1026 certe
582 955 763 1048 egregium
791 954 962 1024 habemus
992 956 1210 1048 exemplum,

165 1076 258 1165 quod
277 1097 299 1143 e
316 1083 435 1143 vetere
452 1072 589 1143 Graecia
612 1093 727 1153 nemo,
745 1071 839 1161 quod
857 1071 977 1153 sciam,
997 1070 1109 1142 Poeta
1133 1096 1212 1164 pro-

166 1191 239 1273 diit,
258 1191 318 1281 qni
336 1191 373 1258 in
393 1188 544 1259 Naturae
562 1186 698 1256 deliciis
714 1187 929 1278 praecipuam
948 1211 1090 1279 operam
1108 1211 1212 1280 posn-

166 1306 232 1375 isse
246 1306 418 1374 videatur.
470 1303 554 1373 Uno
575 1301 756 1392 alteroque
780 1300 911 1370 saeculo
934 1303 1043 1371 serius
1060 1304 1158 1372 venit
1175 1305 1211 1373 in

166 1420 281 1490 lucem
309 1417 508 1499 PastoraliS,
536 1439 642 1507 quam
673 1425 810 1497 vocant,
843 1414 1008 1497 Poetica3
1039 1440 1116 1508 quae
1144 1420 1214 1510 pri·

166 1536 301 1606 mordia
326 1534 467 1625 quidem
496 1531 635 1613 Siciliae,
663 1532 832 1601 Romanis
862 1532 1080 1603 incrementa
1105 1535 1212 1605 debet

166 1651 385 1741 formamque
410 1649 629 1719 absolutam:
653 1649 825 1738 siquidem
843 1648 879 1716 in
897 1647 959 1717 illo
977 1673 1124 1719 nurnero
1141 1675 1212 1720 non

166 1767 258 1837 male
284 1773 431 1858 reponat
456 1763 582 1855 aliquis
602 1763 744 1857 Virgilii
764 1763 947 1855 Georgica,
967 1763 1153 1835 Musarum
1171 1790 1212 1836 ac

167 1881 288 1951 muudi
307 1880 460 1951 delicias.

214 1997 354 2068 Verum
371 1996 542 2090 intelligo,
557 1996 625 2066 hoo
643 1996 721 2066 loco
738 2020 952 2091 magnopere
969 2000 1070 2069 nobis
1087 2022 1213 2069 caven-

167 2113 250 2182 dum
282 2112 366 2194 fore,
397 2135 442 2182 ne
475 2113 511 2180 in
542 2121 697 2181 nostram
728 2122 868 2182 nosmet
901 2114 967 2205 ipsi
999 2116 1212 2184 sententiam

166 2227 305 2319 gravius
328 2226 459 2317 aliquid
478 2227 667 2296 admittere
685 2228 877 2298 videamur.
930 2229 1055 2312 “Quid
1074 2231 1168 2300 enim
1178 2231 1212 2302 l”

168 2344 261 2412 dieat
290 2342 437 2434 aliquis:
473 2351 589 2411 “tene
619 2351 787 2434 tanquam
822 2367 868 2413 ex
902 2346 1019 2415 edicto
1054 2369 1211 2439 negasse,

167 2458 363 2551 legitimam
390 2456 517 2527 Poesin
544 2479 619 2526 esse
646 2457 766 2540 ullam,
790 2460 856 2528 nisi
882 2483 959 2550 quae
985 2459 1089 2552 plena
1114 2463 1211 2552 quasi

167 2583 287 2644 mente
303 2574 472 2658 abundet,
490 2573 702 2664 effluatque3
728 2574 855 2644 deinde
881 2585 955 2645 tam
981 2576 1135 2668 amplam
1159 2578 1212 2647 illi

167 2689 231 2759 arti
254 2689 418 2759 tribuisse
443 2689 668 2780 provinciam,
687 2699 728 2758 ut
746 2715 816 2760 una
833 2693 943 2783 possit
960 2694 1123 2763 omnibus
1141 2695 1213 2763 suf-

168 2804 270 2876 ficere
297 2814 334 2874 et
358 2805 514 2873 motibus
534 2805 731 2874 animorum
754 2816 791 2875 et
810 2809 891 2877 vitae
913 2809 1107 2893 coloribus3
1130 2833 1212 2880 cum

167 2921 260 2991 idem
289 2929 410 2990 tamen
435 2920 578 3004 fateare,
604 2922 693 2990 ruris
718 2922 840 3012 reique
871 2926 1017 3015 agrestis
1045 2949 1211 3009 amorem,

167 3043 304 3107 tautam
322 3044 458 3127 partem
475 3034 638 3103 humanae
663 3032 801 3114 indolis
820 3057 931 3125 usque
949 3058 990 3105 eo
1009 3038 1212 3130 neglectum

161 3152 324 3242 jacuisse,
346 3163 383 3220 et
408 3150 561 3220 caruisse
587 3150 658 3218 suis
684 3148 933 3230 laudatoribus,
953 3151 1048 3234 dum,
1069 3151 1212 3223 labente

166 3267 311 3338 tandem
323 3266 469 3346 Graecia,
481 3263 590 3334 Siculi
605 3265 747 3355 quidam
760 3263 922 3334 Pastores
935 3268 1089 3336 carmina
1102 3291 1212 3358 panx-

166 3383 282 3453 erint?
335 3380 433 3450 Num
461 3388 516 3449 tot
542 3379 676 3449 saeculis
700 3388 906 3471 torpuerant
926 3379 1097 3463 homines,
1115 3383 1213 3453 nulla

165 3520 281 3589 neque
300 3497 390 3565 veris
407 3495 593 3564 dulcedine
617 3516 731 3585 neque
757 3497 919 3564 autumni
945 3495 1113 3589 religione
1134 3522 1212 3589 per·

165 3614 278 3684 motii
332 3610 443 3693 Num,
461 3617 502 3679 ut
520 3611 570 3679 ait
589 3608 770 3690 Horatius,

408 3747 491 3802 Hunc
504 3748 595 3812 solem,
607 3755 633 3800 et
645 3747 743 3810 stellas,
755 3755 781 3800 et
794 3746 946 3801 decedentia
958 3748 1035 3802 certia

304 3833 437 3905 Tempora
446 3833 598 3896 momentis,

166 3959 302 4030 tamdiu
321 3965 594 4050 ‘spectaverant
611 3957 798 4026 formidine
815 3955 912 4025 uulla
929 3956 1057 4026 imbuti
1070 3958 1094 4028 ξ’
1137 3957 1211 4030 Ne-

166 4075 252 4142 mini
273 4073 442 4143 credibile
464 4073 500 4141 id
518 4072 671 4163 quidem.
724 4071 851 4163 Itaque
870 4072 925 4141 vel
949 4073 1075 4142 doceas
1093 4074 1209 4158 velim,

167 4189 327 4259 extitisse
357 4189 465 4257 etiam
495 4196 578 4257 ante
608 4187 836 4256 Theocritum
863 4189 923 4279 qui
954 4189 1107 4258 carmine
1136 4214 1208 4259 me-

167 4304 238 4374 deri
256 4304 438 4397 potuerint
455 4304 626 4374 desiderio
643 4301 695 4371 illi
713 4302 889 4394 sylvarum
909 4312 1016 4394 atque
1036 4305 1133 4386 ruris,
1152 4306 1208 4375 vel
