2768 4876
169 127 258 170 enan.
272 126 381 167 xxxva
420 105 559 168 ,Earum
573 124 594 166 a
611 103 737 188 Virpilto
752 103 887 180 wallari,
903 124 962 167 aaa
975 104 1087 167 arnam.
1147 106 1210 170 723

167 276 231 345 hoc
248 283 356 368 caput
373 275 513 357 attinet,
532 273 722 344 Poetarum
741 276 910 366 primores
927 284 1098 346 veterum.
1144 275 1211 344 Ni-

167 393 292 460 mirum
321 393 358 459 in
385 388 498 460 Iliade
526 389 612 459 nihil
640 413 712 459 non
737 391 828 480 sapit
854 389 1054 461 Achillem:
1087 390 1211 460 Achil·

167 501 247 585 lem,
263 505 415 596 inquam,
427 527 498 573 non
513 505 625 573 virum
639 505 799 595 quemvis
819 503 1033 586 bellicosum,
1052 505 1113 574 sed
1127 527 1212 596 qua·

166 617 235 687 lem
257 642 333 690 esse
352 619 463 689 voluit
482 619 603 698 Poeta,
630 620 770 711 proprio
793 619 945 711 quodam
972 629 1010 688 et
1036 621 1210 711 praecipuo

166 733 345 804 lucentem
377 733 532 804 lumine:
566 734 747 804 Achillem
776 734 888 817 illum,
914 737 985 826 qui,
1012 738 1158 805 vixdum
1191 757 1211 803 e

164 849 281 938 pueris
307 871 475 942 egressus,
497 851 610 920 sciens
629 850 819 940 volensque
842 871 879 918 se
899 849 992 919 Orco
1011 850 1210 929 devoverat,

164 964 271 1034 modo
301 987 346 1034 ne
376 975 494 1035 eareat
524 988 662 1034 summa
688 976 725 1033 et
755 964 913 1056 profecta
942 964 1073 1057 gloria:
1104 988 1209 1055 quem

165 1080 254 1149 adeo
280 1103 362 1149 eum
386 1081 505 1152 favore
527 1080 680 1173 quodam
710 1081 885 1171 prosequi*
904 1080 1018 1148 solent
1045 1103 1115 1148 non
1147 1081 1210 1161 sui,

165 1218 235 1264 non
262 1195 422 1266 homines
446 1197 563 1278 modo,
581 1197 641 1265 sed
667 1204 705 1264 et
729 1195 980 1264 immortalium
1009 1195 1211 1265 concilicet

166 1321 345 1382 mutorum
369 1311 573 1382 animalium
600 1320 758 1380 catervas.
812 1310 950 1379 Pendet
977 1309 1141 1380 videlicet
1167 1334 1211 1380 ex

166 1450 236 1497 uno
263 1426 324 1497 illo
346 1430 419 1496 viro
442 1428 556 1496 omnis
577 1425 673 1496 Asiae
692 1426 908 1516 Graeciaeque
934 1426 1095 1494 fortuna:
1123 1425 1212 1494 irato

166 1567 218 1626 eo,
245 1554 454 1637 prorogatur
477 1544 590 1635 Trojae
621 1543 795 1623 exitium3
826 1541 976 1632 placato,
1004 1542 1212 1632 expeditur:

166 1661 405 1730 desideramus
418 1661 599 1730 absentem
612 1682 621 1741 3
643 1668 797 1737 caeteros,
808 1659 929 1726 statim
945 1668 984 1725 ut
998 1668 1081 1726 aute
1095 1658 1214 1725 oculos

167 1777 353 1867 prodeunt,
371 1777 480 1846 tacite
501 1799 583 1846 cum
611 1798 653 1844 eo
675 1777 774 1866 quasi
800 1795 1052 1864 comparamus.
1104 1773 1215 1841 Deni-

168 1913 236 1981 que
257 1891 438 1960 Achillem
468 1915 490 1961 a
515 1915 577 1960 suo
600 1899 681 1960 vate
709 1894 847 1959 summo
873 1890 909 1956 in
935 1888 1067 1956 honore
1093 1887 1214 1958 haberi

168 2029 273 2076 nemo
301 2030 372 2076 non
400 2008 551 2077 dixerit:
578 2005 751 2099 Virgilius
774 2014 896 2074 contra
924 2003 968 2072 de
995 2003 1107 2072 AEnea
1131 2005 1213 2094 quid

168 2122 327 2202 senserit,
345 2146 414 2191 non
433 2124 521 2192 adeo
539 2121 642 2191 facile
659 2143 774 2211 neque
791 2128 928 2189 certum
946 2121 1013 2188 erit
1028 2118 1214 2210 judicium.

171 2238 276 2306 Pium
311 2239 464 2329 quidem,
497 2238 719 2328 Patremque,
754 2237 892 2306 assidue
926 2237 1107 2305 nominat:
1143 2258 1215 2304 non

169 2356 241 2439 sine
268 2378 397 2447 magno
425 2355 610 2423 verborum
637 2355 754 2423 sonitu
781 2361 817 2420 et
845 2374 974 2442 pompa
994 2352 1144 2443 quadam
1171 2354 1216 2421 si·

168 2471 408 2539 militudinum
433 2471 545 2539 mittit
572 2471 607 2537 in
634 2491 793 2539 scenam:
822 2469 930 2535 immo
957 2490 1039 2536 cum
1067 2490 1109 2537 eo
1137 2489 1216 2536 sen-

169 2589 237 2655 tire
252 2586 339 2655 facit
357 2585 480 2655 eaelum
499 2596 537 2655 et
554 2595 664 2654 terras
687 2594 724 2653 et
745 2583 891 2652 chorum
918 2582 1120 2651 universum
1140 2582 1216 2651 Na·

168 2714 270 2782 turae,
285 2711 322 2771 et
338 2701 452 2793 siquid
466 2723 613 2791 usquam
632 2709 694 2768 aut
707 2699 865 2767 Deorum
884 2698 983 2767 adest
1000 2706 1062 2766 aut
1075 2698 1216 2766 Daemo-

169 2840 266 2886 num.
316 2815 563 2885 Veruntamen
584 2813 658 2883 haec
676 2813 794 2881 omnia
811 2812 928 2880 nescio
946 2808 1122 2899 quomodo
1141 2810 1215 2878 offi-

168 2934 299 3002 ciosam
315 2930 490 3022 quandam
508 2929 733 2999 sedulitatem
752 2927 913 3018 sapiunt;
941 2910 1121 3015 magisque
1138 2948 1215 3015 per-

169 3047 283 3114 tinere
301 3045 465 3112 videntur
487 3044 529 3112 ad
557 3065 685 3111 munus
702 3064 920 3133 pensumque
938 3040 1089 3130 aliquod,
1108 3064 1213 3131 quam

168 3185 215 3230 ex
233 3161 305 3229 imo
323 3161 428 3228 corde
445 3158 596 3228 hominis
615 3167 740 3248 sponte
757 3156 931 3248 profluere
949 3177 990 3224 ac
1009 3155 1197 3225 dimanare.
1224 3158 1227 3163 ’

228 3274 324 3344 Illud
358 3296 498 3366 quoque
531 3272 784 3365 permolestum
819 3272 927 3341 habet
957 3267 1092 3350 AEneis‚
1120 3271 1214 3361 quod

169 3415 214 3462 ne
235 3391 280 3461 ad
306 3391 413 3459 finem
431 3390 574 3479 quidem
592 3388 745 3458 universi
764 3387 943 3456 Poematis
969 3387 1053 3455 satis
1075 3409 1215 3477 expres-

169 3515 466 3598 samcertamque
489 3506 663 3596 relinquat
680 3506 870 3596 imaginem
890 3503 965 3593 ejus
984 3502 1058 3582 viri,
1072 3502 1129 3570 cui
1148 3503 1216 3592 pri-

168 3645 244 3691 mas
271 3620 435 3691 tribuerit
464 3628 591 3710 partes.
644 3617 830 3707 Equidem,
854 3615 938 3706 quid
964 3613 1023 3683 alii
1051 3613 1215 3693 sentiant,

169 3737 307 3807 nescio:
333 3734 420 3803 mihi
442 3742 538 3804 certe
562 3733 607 3802 de
625 3732 738 3801 AEnea
758 3731 927 3823 cogitanti
954 3727 1052 3796 nulla
1076 3749 1216 3817 prorsus

171 3853 323 3922 occurrit
361 3871 519 3943 persona,
555 3870 661 3939 quam
696 3845 753 3915 vel
787 3845 956 3914 extremis
993 3842 1216 3911 lineamentis

171 3966 346 4038 efformari
367 3973 405 4034 et
427 3963 545 4057 effingi
564 3964 698 4032 dicam:
725 3959 823 4029 nullo
841 3960 938 4050 quasi
960 3958 1106 4049 augurio
1132 3980 1217 4048 prae-

172 4084 303 4153 sentire
328 4080 415 4150 mihi
442 4081 570 4160 videor,
599 4078 681 4168 quid
708 4077 745 4144 in
771 4099 808 4144 re
830 4097 967 4164 quaque
993 4071 1053 4140 ille
1078 4073 1130 4140 vir
1155 4084 1217 4140 aut

647 4197 751 4261 3Α2
