2768 4876
170 303 235 365 alt
303 302 425 387 Duplac
439 303 610 365 carminum
625 312 653 364 et
666 302 842 387 religionum
858 303 1020 367 maculam.
1061 327 1156 370 aaut.
1166 326 1216 370 xn.

171 488 243 545 tam
263 476 405 567 penitus
422 473 598 566 compleat
616 475 818 545 universum
842 498 903 544 eor
926 477 1089 556 bominis,
1110 488 1217 571 atque

170 591 213 660 ad
240 615 278 660 se
303 592 563 682 quodammodo
589 589 742 684 colligat,
761 615 865 683 quam
892 593 1128 686 cogitatione-s
1153 619 1216 674 eae,

169 732 246 799 qnae
269 709 314 777 ad
347 707 462 776 Duum
489 716 527 775 et
553 709 595 776 ad
625 707 838 777 immortalia
860 710 1040 800 pertinent
1067 711 1215 780 saecula:

168 847 341 915 nusquam
367 832 466 892 tanta
491 822 736 892 imbecillitate
762 822 921 893 laborare
944 824 1099 894 debilem
1126 826 1216 897 bane

168 951 330 1009 naturam
355 937 568 1019 mortalium,
587 961 702 1028 neque
729 939 764 1007 in
790 939 859 1008 alia
877 938 949 1008 ulla
973 942 1215 1010 materiatam

168 1077 263 1148 aegre
289 1064 326 1123 et
351 1054 487 1123 solicite
515 1055 782 1147 circumspicere
808 1055 872 1124 sibi
900 1056 1137 1147 undequaque
1164 1081 1217 1127 re-

167 1170 284 1239 media
318 1180 355 1238 et
389 1170 517 1238 exitus.
569 1169 688 1252 Quare
724 1170 863 1263 Religio
898 1171 979 1241 laeta
1012 1195 1054 1240 ac
1089 1172 1215 1242 lubens

167 1285 351 1355 adhibebit
375 1284 521 1377 singula,
540 1285 667 1376 quibus
690 1286 805 1355 utitur
823 1285 954 1366 Possis
978 1287 1214 1371 adminicula3

167 1423 393 1469 numerorum
433 1401 601 1480 ordinem,
643 1385 787 1484 flexum,
834 1403 1064 1485 varietatem
1108 1403 1215 1472 verba

167 1536 261 1581 nunc
295 1512 499 1604 composita,
530 1537 623 1584 nuno
658 1515 805 1585 incitata
834 1539 875 1584 ac
905 1515 1060 1595 fervida;
1087 1525 1215 1586 caetera

167 1629 294 1710 omnia,
319 1652 396 1720 quae
423 1630 595 1698 sentimus
616 1632 779 1711 universi,
808 1640 1003 1700 monstrare
1028 1654 1214 1722 possumus

167 1765 211 1810 ne
238 1766 328 1811 unus
353 1744 495 1833 quidem
527 1744 687 1835 alterque
711 1755 880 1813 nostrum.
924 1742 1134 1825 adhibebit,
1162 1745 1214 1812 in-

167 1882 284 1949 quam,
304 1860 379 1929 baec
397 1863 515 1929 omnia
533 1884 614 1930 vera
637 1885 678 1930 ac
703 1861 760 1952 pia
778 1860 926 1952 Religio,
946 1872 1022 1929 tum
1045 1861 1213 1944 maxime,

166 1998 247 2042 cum
274 1999 311 2044 se
338 1977 488 2045 deficere
517 1977 647 2045 sentiet
673 2000 746 2068 prae
773 1977 910 2045 infinita
935 2000 1051 2046 rerum
1079 1980 1213 2070 magni-

167 2092 312 2160 tudine:
340 2092 413 2160 sive
446 2092 681 2161 informentur
715 2092 818 2161 rudes
852 2092 967 2161 adhuc
1001 2093 1127 2161 animae
1162 2095 1213 2161 iu-

166 2207 293 2277 cboata
322 2209 473 2298 quadam
504 2207 734 2278 similitudine
760 2208 927 2289 veritatis,
954 2210 1029 2300 ipsa
1056 2210 1211 2279 nondum

166 2324 328 2415 cognita;
355 2346 417 2393 seu
440 2324 689 2415 perfectiorum
708 2332 856 2392 acuatur
879 2322 1072 2416 linguaue
1096 2324 1212 2393 desint

167 2439 310 2507 omnino
329 2439 435 2507 verba
457 2461 498 2507 ac
522 2461 636 2517 voces,
657 2447 756 2506 tanto
782 2437 953 2506 beneficio
976 2461 1046 2507 non
1074 2461 1212 2530 prorsus

166 2557 327 2646 indignae.

217 2673 327 2741 Porro
358 2695 402 2742 ex
434 2672 500 2740 hac
530 2673 708 2741 communi
736 2676 834 2765 quasi
865 2671 1071 2741 infirmitate
1102 2672 1213 2738 oritur

166 2789 362 2857 communis
391 2788 573 2876 utriusque
593 2809 678 2857 usus
704 2791 840 2857 externi
866 2787 971 2876 hujus
998 2787 1134 2866 mundi,
1160 2809 1212 2854 re-

166 2926 315 2993 rumque
341 2903 510 2984 omnium,
529 2903 588 2993 qui
612 2925 733 2972 sensus
750 2904 923 2972 humanos
940 2924 1081 2992 quoquo
1106 2901 1212 2970 modo

165 3017 305 3088 feriunt.
361 3019 564 3088 Mirabilem
591 3020 750 3110 profecto
769 3044 813 3088 ex
831 3020 897 3088 hac
919 3027 1019 3108 parte
1045 3026 1212 3105 praestant

166 3157 268 3223 opem
280 3135 429 3203 alterum
443 3135 544 3204 alteri
551 3134 699 3204 Pietatis
710 3145 747 3204 et
755 3135 938 3205 Musarum
953 3133 1081 3201 studia.
1115 3130 1210 3200 Nam

165 3273 245 3316 cum
274 3250 413 3342 Religio
447 3260 556 3342 petat,
588 3259 629 3319 ut
665 3250 834 3331 dicebam,
866 3251 1110 3338 undequaque,
1142 3269 1210 3314 non

166 3367 271 3433 verba
299 3367 413 3445 modo,
445 3388 567 3434 verum
596 3367 703 3433 etiam
730 3364 868 3455 siquid
897 3363 993 3431 aliud
1024 3362 1210 3429 verborum

164 3476 273 3566 possit
296 3476 394 3567 fungi
421 3477 544 3558 officio,
563 3477 741 3567 animique
765 3484 883 3544 motus
908 3474 1047 3565 plenius
1064 3471 1210 3540 efferat:

164 3590 298 3679 ecquod
326 3592 357 3658 ei
384 3592 578 3660 subsidium
601 3593 782 3682 excogites
806 3612 866 3658 seu
893 3590 1027 3680 gratius
1051 3590 1125 3657 sive
1152 3612 1212 3678 op-

164 3706 486 3795 p01·tunius‚quam
513 3716 553 3774 ut
580 3717 705 3798 praesto
731 3705 822 3775 adsit
850 3703 980 3782 Possis
999 3726 1077 3793 quae
1103 3726 1209 3771 manu

164 3822 260 3910 quasi
286 3823 392 3889 ducat
419 3822 461 3889 ad
489 3845 632 3890 arcanos
657 3820 805 3889 Naturae
828 3841 960 3900 sensus,
987 3818 1211 3910 praebeatque

164 3936 376 4006 uberrimam
408 3936 678 4005 similitudinum
707 3938 853 4027 copiam,
884 3957 1032 4025 quarum
1057 3955 1124 4023 ope
1155 3933 1211 4023 pia

163 4074 263 4120 mens
293 4053 477 4121 medeatur
502 4053 761 4144 quodammodo
788 4051 944 4119 infantiae
974 4072 1071 4130 suae3
1098 4047 1210 4117 multa

164 4168 327 4246 tenerius,
352 4168 466 4237 multa
488 4171 638 4260 gravius,
657 4171 818 4238 universa
841 4168 987 4236 fortasse
1009 4166 1126 4234 verius
1150 4187 1209 4234 ex-

163 4281 280 4372 plicet,
307 4307 412 4374 quam
439 4285 466 4353 si
494 4295 611 4354 careat
642 4286 708 4355 isto
741 4283 899 4354 anxilio?
927 4281 1059 4352 Contra
1089 4282 1117 4350 si
1150 4302 1210 4349 ex-
