2768 4876
166 336 230 400 732
364 333 510 419 Virgilius
524 333 630 397 bellum
643 356 673 398 eo
687 334 780 398 odisse
794 333 966 422 signifieat:
995 358 1092 401 canu.
1102 358 1214 398 xxxvi.

306 505 414 566 AEneas‚
427 503 526 558 nubem
538 503 609 567 belli,
622 502 689 558 dum
702 503 817 568 detonet,
830 522 936 558 omnem

307 589 434 643 Sustinet.

166 710 235 781 Per
264 711 341 779 haeo
371 718 408 778 et
438 708 564 778 caetera
588 709 623 777 id
655 732 775 802 genus,
803 708 924 780 intulit
950 710 1213 802 quodammodo

165 825 339 918 Georgica
365 847 427 894 sua
454 824 673 893 Mantuanus
700 823 825 893 Pastor
849 827 886 893 iu
911 826 1067 902 mediam
1093 826 1214 895 AEnei-

165 940 257 1008 dem.

215 1056 353 1125 Verum
380 1055 458 1137 hoc,
476 1065 517 1124 ut
543 1054 711 1137 dicebam,
731 1078 811 1123 cum
837 1054 995 1125 Homero
1023 1077 1212 1124 commune

165 1171 285 1241 habet.
338 1171 431 1240 Illud
459 1172 493 1239 in
518 1170 666 1263 Virgilio
692 1171 923 1262 praecipuum,
940 1172 1035 1262 quod
1060 1193 1135 1240 non
1159 1194 1211 1242 so-

166 1285 238 1354 lum
258 1298 412 1378 agrestes
430 1308 484 1354 res
502 1284 627 1354 absens
648 1308 767 1355 amore
785 1307 826 1354 ae
843 1283 1015 1354 desiderio
1032 1286 1212 1376 prosequi·

166 1413 236 1485 tur,
255 1424 376 1470 verum
404 1401 512 1470 etiam
538 1400 693 1477 bellicas.
714 1410 755 1470 ut
777 1401 837 1491 qui
863 1401 1028 1482 maxime,
1053 1400 1211 1470 fastidire

165 1539 203 1585 se
221 1516 393 1608 significat
409 1524 515 1607 atque
529 1516 662 1585 odisse:
685 1516 793 1585 tacite
811 1514 871 1584 ille
883 1515 1026 1606 quidem
1045 1523 1082 1584 et
1101 1515 1212 1586 lateu-

166 1643 229 1713 ter,
248 1633 308 1701 sed
327 1631 500 1723 significat
524 1639 654 1700 tamen.
707 1629 839 1700 Nonne
859 1631 897 1698 in
920 1631 1100 1699 narrandis
1124 1654 1211 1723 prae-

166 1746 221 1815 liis
238 1745 359 1816 sedulo
380 1746 416 1814 id
440 1747 523 1838 agit,
545 1754 583 1814 ut
601 1745 816 1838 singulorum
845 1746 1070 1815 morientium
1094 1747 1211 1816 exitus

165 1862 294 1932 efficiat
308 1885 412 1953 quam
431 1861 586 1930 maxime
603 1861 712 1953 possit
729 1861 967 1932 miserabiles?
989 1884 1034 1930 ne
1052 1861 1150 1932 locus
1167 1862 1211 1932 sit

166 1978 429 2072 indignantibus
454 1986 516 2047 aut
541 1979 650 2060 iratis,
668 1979 753 2070 quin
770 1980 806 2046 in
824 1979 1098 2070 uniuscujusque
1122 1976 1211 2046 cala-

166 2096 292 2164 mitate
309 2094 515 2163 miserorum
535 2092 737 2163 mortalium
752 2103 892 2174 sortem,
907 2101 1014 2184 atque
1027 2093 1117 2163 adeo
1133 2115 1212 2163 nos-

104 2248 107 2252 >
166 2220 255 2279 tram
284 2210 439 2301 ipsorum
465 2208 668 2279 defleamus.
725 2209 785 2279 Ne
810 2211 847 2278 in
866 2210 1048 2279 Mezentio
1066 2209 1211 2300 quidem

166 2327 306 2396 devicto
341 2324 561 2416 triumphant
594 2347 709 2417 neque
743 2325 923 2394 exsultant
953 2327 1028 2417 ejus
1061 2327 1211 2407 numeri,

165 2442 406 2511 crudelissimo
439 2439 533 2520 licet,
565 2449 602 2509 et
632 2449 876 2533 contemptore
907 2441 1063 2511 Divum:
1102 2441 1212 2509 immo

166 2557 287 2625 multis
313 2557 408 2647 prius
425 2554 585 2624 consulto
604 2555 735 2625 fecerat
754 2557 876 2639 Poeta,
894 2565 935 2624 ut
952 2556 1120 2626 acerbum
1138 2557 1212 2647 ejus

166 2672 303 2740 feroeiae
327 2694 466 2740 sensum
486 2671 634 2753 leniret3
659 2673 786 2763 partim
813 2673 1011 2741 tenerrimis
1037 2671 1117 2754 illis,
1135 2695 1211 2764 quae

166 2790 209 2857 ad
238 2788 392 2857 Lausum
416 2788 615 2878 pertinent3
646 2790 785 2878 partim,
811 2789 904 2878 quod
929 2787 1101 2857 scelerum
1129 2810 1210 2857 eum

166 2906 337 2994 poenitere
355 2903 574 2994 significett':

307 3038 383 3091 Idem
395 3056 453 3107 ego,
466 3047 534 3100 nate,
548 3046 625 3092 tuum
637 3039 767 3093 maculavi
779 3040 887 3093 crimine
899 3057 1006 3103 nomen,

305 3124 403 3177 Pulsus
416 3124 450 3177 ob
464 3125 590 3178 invidiam
603 3125 668 3178 solio
681 3126 843 3196 sceptrisque
855 3127 986 3194 paternis:

306 3211 458 3264 Debueram
470 3212 561 3281 patriae
572 3229 664 3280 poenas
677 3212 796 3283 odiisque
808 3229 947 3276 meorum3

306 3297 408 3351 Omnes
420 3314 467 3367 per
479 3306 577 3351 mortes
589 3297 705 3352 animam
717 3308 822 3352 sontem
833 3299 889 3368 ipse
902 3297 1050 3352 dedissem!

215 3418 410 3501 Accedant,
429 3420 555 3511 quibus
573 3443 700 3511 equum
721 3419 912 3511 alloquitur
929 3431 1141 3492 moerentem
1153 3436 1185 3493 z:

306 3555 417 3616 Rhoebe,
431 3555 486 3618 diu,
498 3572 540 3608 res
553 3555 628 3625 siqua
641 3553 687 3608 diu
699 3556 856 3610 mortalibus
869 3557 924 3609 ulla
935 3566 983 3619 est,

305 3641 429 3694 Viximus
441 3661 447 3692 :
467 3649 512 3694 aut
524 3640 603 3694 hodie
614 3641 699 3694 victor
711 3643 795 3711 spolia
806 3643 852 3696 illa
864 3651 973 3697 cruenta

306 3727 342 3780 Et
353 3735 433 3795 caput
444 3727 538 3781 AEneae
551 3727 653 3790 referes,
668 3727 801 3799 Lausique
813 3729 936 3783 dolorum

306 3813 386 3866 Ultor
397 3813 448 3865 eris
461 3830 583 3865 mecum:
603 3821 657 3876 aut,
670 3814 753 3882 aperit
766 3815 788 3867 si
801 3817 874 3868 nulla
885 3816 955 3868 viam
967 3817 1017 3880 vis,

305 3898 456 3952 Occumbes
468 3899 572 3967 pariter.
610 3898 704 3969 Neque
716 3902 796 3963 enim,
809 3902 960 3965 fortissime,
974 3905 1062 3968 credo,

303 3982 320 4037 J
322 4000 385 4036 ussa
396 3983 480 4036 aliena
491 3983 546 4052 pati
558 3993 584 4037 et
596 3983 718 4038 dominos
731 3985 874 4056 dignabere
885 3987 1012 4041 Teucros.

303 4069 386 4132 Dixit,
399 4077 425 4122 et
437 4077 562 4138 exceptus
574 4078 649 4139 tergo
662 4078 788 4124 consueta
799 4071 894 4124 locavit

302 4156 434 4209 Membra.

232 4308 326 4394 yAEn.
343 4323 382 4360 10.
397 4308 457 4378 851.
829 4312 920 4365 ΖΙὸιίἰ.
935 4311 995 4365 861.
