2768 4876
374 318 498 383 Manita
515 317 703 396 Ρίιιάονίοα,
719 326 783 381 tum
797 315 985 396 candidata
1022 340 1118 382 rant.
1128 339 1217 379 xxrv.

376 485 416 543 τίν
427 483 451 556 γ’
464 484 546 538 άωτον
558 484 691 553 δεξαμένου
703 485 848 556 στεφάνων·

377 573 421 623 νῦν
432 569 503 626 αὖτις
513 568 621 637 Ἰσθμοῦ
634 569 749 639 δεσπότᾳ

378 663 457 726 Νηρει
474 676 536 709 εσσι
548 677 576 708 τε
588 654 744 724 πεντήκοντα
754 655 852 709 παίδων
864 655 1009 709 όπλοτάτου

376 741 507 795 Φυλακίδα
519 746 644 796 νικῶντος·
661 739 700 809 riq
713 741 741 794 δέ
753 741 841 810 τρίτον

377 830 475 901 σωτῆρι
487 826 664 897 πορσύνοντας
673 824 809 899 Ὀλυμπίῳ
820 824 926 898 Α’ίγιναν
938 826 1001 879 κάτα

378 912 498 966 σπένδειν
509 912 698 983 μελιφθόγγοις
710 912 816 968 ἀοιδαῖς.

217 1049 301 1119 Jam
325 1049 414 1119 illud
439 1050 672 1120 animadverti
695 1057 823 1141 potest,
841 1049 895 1117 uti
913 1070 995 1117 eum
1019 1047 1057 1115 in
1083 1047 1152 1117 hae
1177 1071 1215 1118 re

166 1188 236 1234 non
265 1155 375 1234 semel
405 1167 612 1259 ambagibus
640 1174 678 1235 et
710 1175 808 1235 tecto
834 1185 1018 1245 sermone;
1049 1165 1111 1255 qui
1140 1187 1216 1234 mos

166 1283 240 1351 fere
270 1290 324 1351 est
354 1283 562 1364 amantium,
592 1290 629 1352 et
660 1303 783 1351 eorum
813 1280 983 1360 omnium,
1012 1281 1072 1371 qui
1103 1280 1216 1371 majus

166 1398 309 1489 aliquod
342 1398 571 1480 meditantur,
603 1420 710 1488 quam
739 1396 834 1487 quod
867 1396 998 1487 apertis
1029 1396 1146 1466 verbis
1179 1397 1216 1464 in

166 1514 292 1606 vulgus
325 1513 510 1583 hominurn
544 1511 668 1582 efferre
702 1510 866 1581 audeant.
917 1510 1061 1579 Tulitne
1091 1510 1216 1601 aliquis

165 1628 295 1718 primas
321 1628 413 1720 apud
439 1626 642 1703 Nemeam?
669 1625 882 1701 vaticinatur
904 1624 948 1695 de
973 1647 1016 1694 eo
1043 1624 1215 1694 Pindarus

165 1741 232 1811 hoe
251 1751 374 1812 tenore
385 1751 408 1815 ¹.

376 1903 478 1974 ὀφείλει
490 1901 513 1956 δ’
525 1903 572 1965 ἔτι,
584 1901 695 1971 πατρίαν
706 1899 778 1972 ε’ίπερ
791 1899 846 1955 καθ
859 1899 921 1956 όδον
932 1923 971 1956 νιν
982 1898 1147 1969 εὐθόπομτος

377 1987 439 2043 α’ίων
450 1990 506 2044 ταῖς
516 1988 641 2059 μεγάλοις
652 1987 730 2041 έδωκε
742 1988 841 2056 κόσμον
851 1986 978 2050 Ἀθάναις,

376 2075 445 2144 ,θάμα
456 2074 504 2143 μὲν
514 2071 669 2141 Ἰσθμιάδων
681 2071 823 2142 δρεπέσθαι
835 2074 978 2128 κάλλιστον
989 2071 1080 2136 ἄωτον,
1093 2070 1122 2126 έν
1133 2079 1187 2124 Πυ-

413 2159 497 2214 θίοισί
507 2181 536 2212 τε
548 2161 619 2229 νικᾷν
1067 2192 1073 2198 ·

377 2247 503 2315 Τιμονόου
514 2241 593 2299 παῖδ’·
614 2245 673 2299 ἔστι
685 2241 708 2298 δ’
721 2243 803 2305 ἐοικὸς

376 2332 480 2404 Ὀρειᾶν
490 2354 521 2403 γε
533 2331 682 2385 Πελειάδων

377 2418 411 2488 μὴ
424 2418 533 2488 τηλόθεν
544 2417 671 2487 Ὠαρίωνα
681 2416 792 2472 νεῖσθαι.

168 2540 311 2612 Videtis
328 2565 410 2610 uum
427 2540 596 2632 religione
613 2540 765 2630 quadam
785 2539 925 2608 reticeri
942 2559 1074 2607 nomen
1092 2535 1217 2630 Olym-

167 2655 245 2745 piae,
258 2675 296 2721 re
313 2655 396 2722 satis
413 2660 607 2745 perspecta.
648 2651 708 2721 Ne
726 2653 787 2722 illa
800 2653 944 2744 quidem
963 2653 1217 2743 praetereunda,

167 2768 372 2861 gravissima
394 2791 488 2850 sane,
505 2790 621 2858 neque
646 2768 793 2860 indigna
811 2791 888 2860 quae
913 2767 1149 2837 adhibeantur
1173 2768 1218 2838 ad

162 2883 298 2973 justam
316 2883 437 2951 orandi
454 2881 642 2951 formulam
654 2884 676 2951 ί.

273 3036 398 3105 ἐκράτησε
410 3034 438 3089 δὲ
451 3034 492 3087 καὶ
504 3032 562 3088 ποθ
571 3031 692 3087 ’Ἕλλανα
702 3034 815 3103 στρατδν
827 3033 941 3098 Πυθῶνι,
954 3036 1020 3104 τυχᾷ
1032 3055 1061 3088 τε
1072 3036 1163 3103 μόλων

275 3123 316 3174 καὶ
328 3122 373 3174 τὸν
383 3119 486 3188 Ἰσθμοῖ
496 3120 538 3174 καὶ
550 3119 636 3189 Νεμέᾳ
650 3120 789 3189 στέφανον,
803 3123 933 3175 Μοισοῖσι
945 3119 967 3176 τ’
980 3119 1052 3176 ἔδωκ’
1065 3121 1171 3192 άροσαι,

274 3209 329 3278 τρὶς
340 3207 387 3275 μὲν
399 3207 426 3266 ἐν
437 3210 541 3263 πόντοιο
553 3209 664 3266 πυλαῖσι
675 3208 772 3278 λαχὸν,

274 3294 330 3364 τρὶς
342 3293 369 3347 δὲ
381 3294 422 3347 καὶ
435 3295 539 3359 σεμνοῖς
550 3293 677 3356 δαπέδοις,
690 3293 718 3347 έν
727 3292 887 3367 Ἀδραστείῳ
902 3296 980 3365 νόμῳ·

275 3382 324 3432 Ζεῦ
335 3379 424 3447 πατέρ,
433 3384 484 3432 τῶν
495 3379 546 3448 μὰν
558 3378 643 3449 ε’ράται
655 3379 732 3448 φρενί
744 3383 807 3450 σιγᾷ
819 3381 844 3432 οῖ
856 3383 949 3449 στόμα·
965 3382 1017 3434 πᾶν
1029 3379 1057 3433 δὲ
1069 3379 1146 3436 τελος

276 3465 303 3524 ἐν
314 3466 354 3518 τὶν
366 3466 456 3540 ἔργων’
476 3463 529 3518 οὐδ’
542 3465 648 3537 ἀμόχθῳ
660 3465 750 3535 καρδίᾳ
767 3467 928 3538 προσφέρων
943 3469 1043 3536 τόλμαν
1058 3469 1220 3536 παραιτεῖται

310 3565 394 3621 νυν·

275 3641 359 3707 γνῶτα
372 3635 464 3707 Θειαίῳ
476 3657 504 3689 τε
517 3636 558 3688 καὶ
570 3634 643 3692 όστις
655 3635 793 3705 άμιλλᾶται
805 3637 865 3706 περὶ

276 3723 395 3792 ἐσχάτων
406 3722 506 3776 ἀέθλων
516 3723 650 3793 κορυφαῖς·
668 3721 766 3778 ὕπατον
778 3721 799 3778 δ’
812 3723 893 3796 ἔσχεν
904 3723 977 3780 Πίσα

274 3807 418 3878 Ἡρακλέος
428 3809 531 3878 τεθμόν.

221 3963 359 4046 Altera,
381 3972 423 4033 ut
447 3964 611 4045 diximua
632 3985 737 4033 eausa
762 3971 837 4034 erat
863 3986 995 4045 eorum,
1014 3962 1075 4054 qui
1100 3964 1218 4035 satiari

171 4102 242 4148 non
267 4088 431 4170 poterant
456 4103 502 4151 ne
524 4077 711 4171 Olympiea
734 4079 876 4168 quidem
903 4077 1040 4171 palma:
1067 4101 1218 4170 quorum

313 4302 322 4326 ¹
340 4295 413 4348 Nem.
428 4311 451 4348 2.
466 4314 491 4365 9.
761 4292 764 4299 ¹
863 4297 873 4333 ²
890 4296 958 4350 Ibid.
977 4313 1018 4351 10.
1032 4296 1075 4362 46.
