<?xml version="1.0" encoding="UTF-8"?>
<!DOCTYPE html PUBLIC "-//W3C//DTD XHTML 1.0 Transitional//EN"
    "http://www.w3.org/TR/xhtml1/DTD/xhtml1-transitional.dtd">
<html xmlns="http://www.w3.org/1999/xhtml" xml:lang="en" lang="en">
 <head>
  <title>
</title>
<meta http-equiv="Content-Type" content="text/html;charset=utf-8" />
  <meta name='ocr-system' content='tesseract 3.04.00' />
  <meta name='ocr-capabilities' content='ocr_page ocr_carea ocr_par ocr_line ocrx_word'/>
</head>
<body>
  <div class='ocr_page' id='page_1' title='image "./depoeticaevimed00keblgoog_0376.png"; bbox 0 0 2768 4876; ppageno 0'>
   <div class='ocr_carea' id='block_1_1' title="bbox 182 303 1208 389">
    <p class='ocr_par' dir='ltr' id='par_1_1' title="bbox 182 303 1208 389">
     <span class='ocr_line' id='line_1_1' title="bbox 182 303 1208 389; baseline 0.002 -23"><span class='ocrx_word' id='word_1_1' title='bbox 182 324 384 368; x_wconf 60' lang='lat' dir='ltr'><strong>rasnmxxvm</strong></span> <span class='ocrx_word' id='word_1_2' title='bbox 441 304 591 389; x_wconf 75' lang='lat' dir='ltr'><strong>Enemplo</strong></span> <span class='ocrx_word' id='word_1_3' title='bbox 607 303 783 388; x_wconf 74' lang='lat' dir='ltr'><strong>Virpils&#39;aoo</strong></span> <span class='ocrx_word' id='word_1_4' title='bbox 797 305 834 367; x_wconf 81' lang='lat' dir='ltr'><strong>do</strong></span> <span class='ocrx_word' id='word_1_5' title='bbox 847 304 961 368; x_wconf 75' lang='lat' dir='ltr'><strong>acibus.</strong></span> <span class='ocrx_word' id='word_1_6' title='bbox 1148 308 1208 371; x_wconf 77' lang='lat'><strong>751</strong></span> 
     </span>
    </p>
   </div>
   <div class='ocr_carea' id='block_1_2' title="bbox 305 472 999 802">
    <p class='ocr_par' dir='ltr' id='par_1_2' title="bbox 305 472 999 802">
     <span class='ocr_line' id='line_1_2' title="bbox 305 472 999 544; baseline 0 -18"><span class='ocrx_word' id='word_1_7' title='bbox 305 473 362 526; x_wconf 83' lang='lat' dir='ltr'><strong>Aut</strong></span> <span class='ocrx_word' id='word_1_8' title='bbox 373 481 466 544; x_wconf 86' lang='lat' dir='ltr'><strong>quater</strong></span> <span class='ocrx_word' id='word_1_9' title='bbox 478 473 651 543; x_wconf 84' lang='lat' dir='ltr'><strong>ingeminant,</strong></span> <span class='ocrx_word' id='word_1_10' title='bbox 664 480 691 526; x_wconf 92' lang='lat' dir='ltr'><strong>et</strong></span> <span class='ocrx_word' id='word_1_11' title='bbox 703 490 773 542; x_wconf 80' lang='lat' dir='ltr'><strong>saepe</strong></span> <span class='ocrx_word' id='word_1_12' title='bbox 785 472 918 526; x_wconf 92' lang='lat' dir='ltr'><strong>cubilibus</strong></span> <span class='ocrx_word' id='word_1_13' title='bbox 931 474 999 535; x_wconf 87' lang='lat' dir='ltr'><strong>altis,</strong></span> 
     </span>
     <span class='ocr_line' id='line_1_3' title="bbox 306 558 923 628; baseline 0.002 -17"><span class='ocrx_word' id='word_1_14' title='bbox 306 558 405 612; x_wconf 90' lang='lat' dir='ltr'><strong>Nescio</strong></span> <span class='ocrx_word' id='word_1_15' title='bbox 417 575 470 628; x_wconf 89' lang='lat' dir='ltr'><strong>qua</strong></span> <span class='ocrx_word' id='word_1_16' title='bbox 482 567 577 628; x_wconf 87' lang='lat' dir='ltr'><strong>praeter</strong></span> <span class='ocrx_word' id='word_1_17' title='bbox 589 558 697 611; x_wconf 90' lang='lat' dir='ltr'><strong>solitum</strong></span> <span class='ocrx_word' id='word_1_18' title='bbox 710 558 848 612; x_wconf 87' lang='lat' dir='ltr'><strong>dulcedine</strong></span> <span class='ocrx_word' id='word_1_19' title='bbox 860 559 923 622; x_wconf 87' lang='lat' dir='ltr'><strong>laeti,</strong></span> 
     </span>
     <span class='ocr_line' id='line_1_4' title="bbox 308 643 982 714; baseline 0 -17"><span class='ocrx_word' id='word_1_20' title='bbox 308 643 380 697; x_wconf 88' lang='lat' dir='ltr'><strong>Inter</strong></span> <span class='ocrx_word' id='word_1_21' title='bbox 393 662 421 697; x_wconf 89' lang='lat' dir='ltr'><strong>se</strong></span> <span class='ocrx_word' id='word_1_22' title='bbox 432 643 502 697; x_wconf 84' lang='lat' dir='ltr'><strong>foliis</strong></span> <span class='ocrx_word' id='word_1_23' title='bbox 515 643 669 713; x_wconf 81' lang='lat' dir='ltr'><strong>strepitant:</strong></span> <span class='ocrx_word' id='word_1_24' title='bbox 685 644 762 714; x_wconf 85' lang='lat' dir='ltr'><strong>juvat</strong></span> <span class='ocrx_word' id='word_1_25' title='bbox 773 644 905 698; x_wconf 86' lang='lat' dir='ltr'><strong>imbribus</strong></span> <span class='ocrx_word' id='word_1_26' title='bbox 917 645 982 698; x_wconf 87' lang='lat' dir='ltr'><strong>actis</strong></span> 
     </span>
     <span class='ocr_line' id='line_1_5' title="bbox 306 729 965 802; baseline 0 -18"><span class='ocrx_word' id='word_1_27' title='bbox 306 731 464 800; x_wconf 83' lang='lat' dir='ltr'><strong>Progeniem</strong></span> <span class='ocrx_word' id='word_1_28' title='bbox 476 747 584 799; x_wconf 87' lang='lat' dir='ltr'><strong>parvam</strong></span> <span class='ocrx_word' id='word_1_29' title='bbox 597 729 740 802; x_wconf 78' lang='lat' dir='ltr'><strong>dulcesque</strong></span> <span class='ocrx_word' id='word_1_30' title='bbox 752 731 864 784; x_wconf 88' lang='lat' dir='ltr'><strong>revisere</strong></span> <span class='ocrx_word' id='word_1_31' title='bbox 878 731 965 784; x_wconf 81' lang='lat' dir='ltr'><strong>nidos.</strong></span> 
     </span>
    </p>
   </div>
   <div class='ocr_carea' id='block_1_3' title="bbox 164 871 1215 2005">
    <p class='ocr_par' dir='ltr' id='par_1_3' title="bbox 164 871 1215 2005">
     <span class='ocr_line' id='line_1_6' title="bbox 214 871 1214 965; baseline 0 -24"><span class='ocrx_word' id='word_1_32' title='bbox 214 872 258 942; x_wconf 92' lang='lat' dir='ltr'><strong>ln</strong></span> <span class='ocrx_word' id='word_1_33' title='bbox 284 895 323 941; x_wconf 89' lang='lat' dir='ltr'><strong>re</strong></span> <span class='ocrx_word' id='word_1_34' title='bbox 349 873 433 942; x_wconf 88' lang='lat' dir='ltr'><strong>satis</strong></span> <span class='ocrx_word' id='word_1_35' title='bbox 453 871 597 965; x_wconf 83' lang='lat' dir='ltr'><strong>vulgata</strong></span> <span class='ocrx_word' id='word_1_36' title='bbox 616 871 784 942; x_wconf 86' lang='lat' dir='ltr'><strong>affectum</strong></span> <span class='ocrx_word' id='word_1_37' title='bbox 812 871 948 941; x_wconf 87' lang='lat' dir='ltr'><strong>habetis</strong></span> <span class='ocrx_word' id='word_1_38' title='bbox 974 873 1119 941; x_wconf 91' lang='lat' dir='ltr'><strong>minime</strong></span> <span class='ocrx_word' id='word_1_39' title='bbox 1137 873 1214 941; x_wconf 86' lang='lat' dir='ltr'><strong>vul-</strong></span> 
     </span>
     <span class='ocr_line' id='line_1_7' title="bbox 166 985 1213 1080; baseline 0 -23"><span class='ocrx_word' id='word_1_40' title='bbox 166 1010 296 1080; x_wconf 86' lang='lat' dir='ltr'><strong>garem.</strong></span> <span class='ocrx_word' id='word_1_41' title='bbox 349 985 532 1079; x_wconf 87' lang='lat' dir='ltr'><strong>Intelligas</strong></span> <span class='ocrx_word' id='word_1_42' title='bbox 549 986 700 1056; x_wconf 88' lang='lat' dir='ltr'><strong>eundem</strong></span> <span class='ocrx_word' id='word_1_43' title='bbox 718 987 815 1078; x_wconf 92' lang='lat' dir='ltr'><strong>loqui</strong></span> <span class='ocrx_word' id='word_1_44' title='bbox 830 986 1033 1080; x_wconf 84' lang='lat' dir='ltr'><strong>Virgilium,</strong></span> <span class='ocrx_word' id='word_1_45' title='bbox 1051 989 1110 1078; x_wconf 93' lang='lat' dir='ltr'><strong>qui</strong></span> <span class='ocrx_word' id='word_1_46' title='bbox 1128 987 1213 1057; x_wconf 87' lang='lat' dir='ltr'><strong>alias</strong></span> 
     </span>
     <span class='ocr_line' id='line_1_8' title="bbox 165 1102 1213 1194; baseline -0.002 -21"><span class='ocrx_word' id='word_1_47' title='bbox 165 1102 290 1173; x_wconf 79' lang='lat' dir='ltr'><strong>durum</strong></span> <span class='ocrx_word' id='word_1_48' title='bbox 316 1102 507 1194; x_wconf 86' lang='lat' dir='ltr'><strong>appellavit</strong></span> <span class='ocrx_word' id='word_1_49' title='bbox 532 1112 715 1184; x_wconf 87' lang='lat' dir='ltr'><strong>aratorem,</strong></span> <span class='ocrx_word' id='word_1_50' title='bbox 741 1112 884 1194; x_wconf 88' lang='lat' dir='ltr'><strong>propter</strong></span> <span class='ocrx_word' id='word_1_51' title='bbox 909 1103 1102 1173; x_wconf 85' lang='lat' dir='ltr'><strong>abstractos</strong></span> <span class='ocrx_word' id='word_1_52' title='bbox 1129 1104 1213 1172; x_wconf 91' lang='lat' dir='ltr'><strong>Phi-</strong></span> 
     </span>
     <span class='ocr_line' id='line_1_9' title="bbox 165 1217 1213 1308; baseline 0.001 -21"><span class='ocrx_word' id='word_1_53' title='bbox 165 1218 302 1288; x_wconf 88' lang='lat' dir='ltr'><strong>lomelae</strong></span> <span class='ocrx_word' id='word_1_54' title='bbox 320 1219 437 1299; x_wconf 88' lang='lat' dir='ltr'><strong>foetus,</strong></span> <span class='ocrx_word' id='word_1_55' title='bbox 456 1240 667 1308; x_wconf 77' lang='lat' dir='ltr'><strong>carmenque</strong></span> <span class='ocrx_word' id='word_1_56' title='bbox 684 1217 885 1288; x_wconf 86' lang='lat' dir='ltr'><strong>miserabile</strong></span> <span class='ocrx_word' id='word_1_57' title='bbox 904 1227 980 1287; x_wconf 90' lang='lat' dir='ltr'><strong>tota</strong></span> <span class='ocrx_word' id='word_1_58' title='bbox 1001 1228 1106 1288; x_wconf 89' lang='lat' dir='ltr'><strong>nocte</strong></span> <span class='ocrx_word' id='word_1_59' title='bbox 1123 1219 1213 1289; x_wconf 88' lang='lat' dir='ltr'><strong>inte-</strong></span> 
     </span>
     <span class='ocr_line' id='line_1_10' title="bbox 164 1333 1213 1428; baseline 0 -24"><span class='ocrx_word' id='word_1_60' title='bbox 164 1343 316 1428; x_wconf 86' lang='lat' dir='ltr'><strong>gratum.</strong></span> <span class='ocrx_word' id='word_1_61' title='bbox 367 1333 500 1416; x_wconf 89' lang='lat' dir='ltr'><strong>Quidni</strong></span> <span class='ocrx_word' id='word_1_62' title='bbox 518 1334 647 1404; x_wconf 74' lang='lat' dir='ltr'><strong>faciat?</strong></span> <span class='ocrx_word' id='word_1_63' title='bbox 674 1357 756 1403; x_wconf 88' lang='lat' dir='ltr'><strong>cum</strong></span> <span class='ocrx_word' id='word_1_64' title='bbox 774 1357 912 1425; x_wconf 85' lang='lat' dir='ltr'><strong>semper</strong></span> <span class='ocrx_word' id='word_1_65' title='bbox 928 1334 1039 1402; x_wconf 86' lang='lat' dir='ltr'><strong>ferme</strong></span> <span class='ocrx_word' id='word_1_66' title='bbox 1056 1344 1213 1404; x_wconf 90' lang='lat' dir='ltr'><strong>contem-</strong></span> 
     </span>
     <span class='ocr_line' id='line_1_11' title="bbox 165 1447 1213 1542; baseline 0.001 -24"><span class='ocrx_word' id='word_1_67' title='bbox 165 1449 284 1542; x_wconf 90' lang='lat' dir='ltr'><strong>pletur</strong></span> <span class='ocrx_word' id='word_1_68' title='bbox 312 1448 432 1517; x_wconf 89' lang='lat' dir='ltr'><strong>avium</strong></span> <span class='ocrx_word' id='word_1_69' title='bbox 460 1447 567 1530; x_wconf 90' lang='lat' dir='ltr'><strong>lusus,</strong></span> <span class='ocrx_word' id='word_1_70' title='bbox 595 1449 782 1530; x_wconf 87' lang='lat' dir='ltr'><strong>domicilia,</strong></span> <span class='ocrx_word' id='word_1_71' title='bbox 805 1449 953 1532; x_wconf 69' lang='lat' dir='ltr'><strong>volatus</strong></span> <span class='ocrx_word' id='word_1_72' title='bbox 980 1449 1085 1520; x_wconf 87' lang='lat' dir='ltr'><strong>simili</strong></span> <span class='ocrx_word' id='word_1_73' title='bbox 1115 1474 1213 1541; x_wconf 88' lang='lat' dir='ltr'><strong>paene</strong></span> 
     </span>
     <span class='ocr_line' id='line_1_12' title="bbox 166 1563 1213 1657; baseline 0.002 -25"><span class='ocrx_word' id='word_1_74' title='bbox 166 1564 361 1655; x_wconf 81' lang='lat' dir='ltr'><strong>voluptate,</strong></span> <span class='ocrx_word' id='word_1_75' title='bbox 377 1585 419 1632; x_wconf 89' lang='lat' dir='ltr'><strong>ac</strong></span> <span class='ocrx_word' id='word_1_76' title='bbox 436 1563 580 1657; x_wconf 86' lang='lat' dir='ltr'><strong>benigni</strong></span> <span class='ocrx_word' id='word_1_77' title='bbox 597 1564 733 1634; x_wconf 86' lang='lat' dir='ltr'><strong>soleant</strong></span> <span class='ocrx_word' id='word_1_78' title='bbox 751 1587 851 1634; x_wconf 88' lang='lat' dir='ltr'><strong>senes</strong></span> <span class='ocrx_word' id='word_1_79' title='bbox 868 1567 990 1635; x_wconf 86' lang='lat' dir='ltr'><strong>adesse</strong></span> <span class='ocrx_word' id='word_1_80' title='bbox 1007 1566 1213 1634; x_wconf 88' lang='lat' dir='ltr'><strong>feriantibus</strong></span> 
     </span>
     <span class='ocr_line' id='line_1_13' title="bbox 166 1677 1215 1772; baseline 0.001 -21"><span class='ocrx_word' id='word_1_81' title='bbox 166 1681 282 1772; x_wconf 88' lang='lat' dir='ltr'><strong>pueris</strong></span> <span class='ocrx_word' id='word_1_82' title='bbox 308 1688 346 1749; x_wconf 90' lang='lat' dir='ltr'><strong>et</strong></span> <span class='ocrx_word' id='word_1_83' title='bbox 372 1677 509 1770; x_wconf 87' lang='lat' dir='ltr'><strong>puellis.</strong></span> <span class='ocrx_word' id='word_1_84' title='bbox 552 1679 668 1749; x_wconf 91' lang='lat' dir='ltr'><strong>Immo</strong></span> <span class='ocrx_word' id='word_1_85' title='bbox 694 1683 870 1772; x_wconf 85' lang='lat' dir='ltr'><strong>pecudum</strong></span> <span class='ocrx_word' id='word_1_86' title='bbox 893 1683 1050 1750; x_wconf 91' lang='lat' dir='ltr'><strong>omnium</strong></span> <span class='ocrx_word' id='word_1_87' title='bbox 1068 1705 1108 1751; x_wconf 87' lang='lat' dir='ltr'><strong>ac</strong></span> <span class='ocrx_word' id='word_1_88' title='bbox 1126 1682 1215 1752; x_wconf 88' lang='lat' dir='ltr'><strong>fera-</strong></span> 
     </span>
     <span class='ocr_line' id='line_1_14' title="bbox 166 1796 1214 1888; baseline 0.001 -23"><span class='ocrx_word' id='word_1_89' title='bbox 166 1818 243 1865; x_wconf 87' lang='lat' dir='ltr'><strong>rum</strong></span> <span class='ocrx_word' id='word_1_90' title='bbox 270 1796 389 1865; x_wconf 88' lang='lat' dir='ltr'><strong>studia</strong></span> <span class='ocrx_word' id='word_1_91' title='bbox 413 1818 598 1887; x_wconf 86' lang='lat' dir='ltr'><strong>moresque</strong></span> <span class='ocrx_word' id='word_1_92' title='bbox 623 1796 674 1865; x_wconf 88' lang='lat' dir='ltr'><strong>ita</strong></span> <span class='ocrx_word' id='word_1_93' title='bbox 698 1806 826 1878; x_wconf 87' lang='lat' dir='ltr'><strong>narrat,</strong></span> <span class='ocrx_word' id='word_1_94' title='bbox 845 1798 963 1888; x_wconf 86' lang='lat' dir='ltr'><strong>utqui</strong></span> <span class='ocrx_word' id='word_1_95' title='bbox 985 1820 1066 1867; x_wconf 92' lang='lat' dir='ltr'><strong>cum</strong></span> <span class='ocrx_word' id='word_1_96' title='bbox 1093 1798 1214 1866; x_wconf 88' lang='lat' dir='ltr'><strong>amicis</strong></span> 
     </span>
     <span class='ocr_line' id='line_1_15' title="bbox 168 1910 1084 2005; baseline 0.001 -26"><span class='ocrx_word' id='word_1_97' title='bbox 168 1910 376 2002; x_wconf 88' lang='lat' dir='ltr'><strong>quibusdam</strong></span> <span class='ocrx_word' id='word_1_98' title='bbox 394 1919 432 1979; x_wconf 89' lang='lat' dir='ltr'><strong>et</strong></span> <span class='ocrx_word' id='word_1_99' title='bbox 448 1910 677 1980; x_wconf 82' lang='lat' dir='ltr'><strong>familiaribus</strong></span> <span class='ocrx_word' id='word_1_100' title='bbox 695 1914 765 1981; x_wconf 90' lang='lat' dir='ltr'><strong>suis</strong></span> <span class='ocrx_word' id='word_1_101' title='bbox 784 1913 905 1982; x_wconf 89' lang='lat' dir='ltr'><strong>ludere</strong></span> <span class='ocrx_word' id='word_1_102' title='bbox 922 1914 1084 2005; x_wconf 64' lang='lat' dir='ltr'><strong>gestiam.</strong></span> 
     </span>
    </p>
   </div>
   <div class='ocr_carea' id='block_1_4' title="bbox 184 2056 1061 2642">
    <p class='ocr_par' dir='ltr' id='par_1_4' title="bbox 184 2056 1004 2298">
     <span class='ocr_line' id='line_1_16' title="bbox 184 2056 1004 2131; baseline 0 -21"><span class='ocrx_word' id='word_1_103' title='bbox 184 2112 193 2131; x_wconf 84' lang='lat'><strong>.</strong></span> <span class='ocrx_word' id='word_1_104' title='bbox 306 2057 325 2110; x_wconf 83' lang='lat' dir='ltr'>J</span> <span class='ocrx_word' id='word_1_105' title='bbox 327 2074 370 2110; x_wconf 90' lang='lat' dir='ltr'><strong>am</strong></span> <span class='ocrx_word' id='word_1_106' title='bbox 382 2056 468 2110; x_wconf 88' lang='lat' dir='ltr'><strong>varias</strong></span> <span class='ocrx_word' id='word_1_107' title='bbox 480 2058 567 2128; x_wconf 80' lang='lat' dir='ltr'><strong>pelagi</strong></span> <span class='ocrx_word' id='word_1_108' title='bbox 578 2059 707 2121; x_wconf 85' lang='lat' dir='ltr'><strong>volucres,</strong></span> <span class='ocrx_word' id='word_1_109' title='bbox 718 2066 744 2111; x_wconf 93' lang='lat' dir='ltr'><strong>et</strong></span> <span class='ocrx_word' id='word_1_110' title='bbox 756 2075 816 2128; x_wconf 86' lang='lat' dir='ltr'><strong>quae</strong></span> <span class='ocrx_word' id='word_1_111' title='bbox 828 2058 893 2111; x_wconf 83' lang='lat' dir='ltr'><strong>Asia</strong></span> <span class='ocrx_word' id='word_1_112' title='bbox 905 2058 1004 2112; x_wconf 88' lang='lat' dir='ltr'><strong>circum</strong></span> 
     </span>
     <span class='ocr_line' id='line_1_17' title="bbox 308 2137 954 2215; baseline 0 -19"><span class='ocrx_word' id='word_1_113' title='bbox 308 2142 442 2196; x_wconf 86' lang='lat' dir='ltr'><strong>Dulcibus</strong></span> <span class='ocrx_word' id='word_1_114' title='bbox 454 2142 483 2195; x_wconf 91' lang='lat' dir='ltr'><strong>in</strong></span> <span class='ocrx_word' id='word_1_115' title='bbox 496 2143 597 2212; x_wconf 81' lang='lat' dir='ltr'><strong>stagnis</strong></span> <span class='ocrx_word' id='word_1_116' title='bbox 610 2144 740 2197; x_wconf 85' lang='lat' dir='ltr'><strong>rimantur</strong></span> <span class='ocrx_word' id='word_1_117' title='bbox 752 2152 826 2212; x_wconf 87' lang='lat' dir='ltr'><strong>prata</strong></span> <span class='ocrx_word' id='word_1_118' title='bbox 840 2137 954 2215; x_wconf 50' lang='lat' dir='ltr'><strong>Caystri,</strong></span> 
     </span>
     <span class='ocr_line' id='line_1_18' title="bbox 309 2227 919 2298; baseline 0 -16"><span class='ocrx_word' id='word_1_119' title='bbox 309 2227 436 2282; x_wconf 89' lang='lat' dir='ltr'><strong>Certatim</strong></span> <span class='ocrx_word' id='word_1_120' title='bbox 447 2229 536 2298; x_wconf 87' lang='lat' dir='ltr'><strong>largos</strong></span> <span class='ocrx_word' id='word_1_121' title='bbox 548 2229 666 2283; x_wconf 89' lang='lat' dir='ltr'><strong>humeris</strong></span> <span class='ocrx_word' id='word_1_122' title='bbox 679 2229 818 2283; x_wconf 80' lang='lat' dir='ltr'><strong>infundere</strong></span> <span class='ocrx_word' id='word_1_123' title='bbox 830 2247 919 2292; x_wconf 87' lang='lat' dir='ltr'><strong>rores;</strong></span> 
     </span>
    </p>

    <p class='ocr_par' dir='ltr' id='par_1_5' title="bbox 308 2313 1061 2471">
     <span class='ocr_line' id='line_1_19' title="bbox 308 2313 1061 2384; baseline 0.001 -18"><span class='ocrx_word' id='word_1_124' title='bbox 308 2313 389 2366; x_wconf 90' lang='lat' dir='ltr'><strong>Nunc</strong></span> <span class='ocrx_word' id='word_1_125' title='bbox 402 2324 482 2383; x_wconf 91' lang='lat' dir='ltr'><strong>caput</strong></span> <span class='ocrx_word' id='word_1_126' title='bbox 494 2315 624 2384; x_wconf 87' lang='lat' dir='ltr'><strong>objectare</strong></span> <span class='ocrx_word' id='word_1_127' title='bbox 636 2315 718 2378; x_wconf 80' lang='lat' dir='ltr'><strong>fretis,</strong></span> <span class='ocrx_word' id='word_1_128' title='bbox 731 2332 804 2368; x_wconf 87' lang='lat' dir='ltr'><strong>nunc</strong></span> <span class='ocrx_word' id='word_1_129' title='bbox 817 2332 921 2367; x_wconf 85' lang='lat' dir='ltr'><strong>currere</strong></span> <span class='ocrx_word' id='word_1_130' title='bbox 932 2315 960 2367; x_wconf 93' lang='lat' dir='ltr'><strong>in</strong></span> <span class='ocrx_word' id='word_1_131' title='bbox 972 2314 1061 2376; x_wconf 89' lang='lat' dir='ltr'><strong>undis,</strong></span> 
     </span>
     <span class='ocr_line' id='line_1_20' title="bbox 308 2399 928 2471; baseline 0.003 -19"><span class='ocrx_word' id='word_1_132' title='bbox 308 2399 344 2452; x_wconf 87' lang='lat' dir='ltr'><strong>Et</strong></span> <span class='ocrx_word' id='word_1_133' title='bbox 356 2399 445 2453; x_wconf 90' lang='lat' dir='ltr'><strong>studio</strong></span> <span class='ocrx_word' id='word_1_134' title='bbox 457 2399 593 2454; x_wconf 88' lang='lat' dir='ltr'><strong>incassum</strong></span> <span class='ocrx_word' id='word_1_135' title='bbox 605 2400 694 2455; x_wconf 87' lang='lat' dir='ltr'><strong>videas</strong></span> <span class='ocrx_word' id='word_1_136' title='bbox 706 2401 802 2471; x_wconf 83' lang='lat' dir='ltr'><strong>gestire</strong></span> <span class='ocrx_word' id='word_1_137' title='bbox 814 2400 928 2454; x_wconf 88' lang='lat' dir='ltr'><strong>lavandi.</strong></span> 
     </span>
    </p>

    <p class='ocr_par' dir='ltr' id='par_1_6' title="bbox 307 2486 1009 2557">
     <span class='ocr_line' id='line_1_21' title="bbox 307 2486 1009 2557; baseline -0.001 -17"><span class='ocrx_word' id='word_1_138' title='bbox 307 2486 378 2539; x_wconf 85' lang='lat' dir='ltr'><strong>Tum</strong></span> <span class='ocrx_word' id='word_1_139' title='bbox 391 2487 484 2540; x_wconf 86' lang='lat' dir='ltr'><strong>cornix</strong></span> <span class='ocrx_word' id='word_1_140' title='bbox 496 2488 575 2557; x_wconf 85' lang='lat' dir='ltr'><strong>plena</strong></span> <span class='ocrx_word' id='word_1_141' title='bbox 586 2487 702 2557; x_wconf 89' lang='lat' dir='ltr'><strong>pluviam</strong></span> <span class='ocrx_word' id='word_1_142' title='bbox 714 2499 791 2541; x_wconf 89' lang='lat' dir='ltr'><strong>vocat</strong></span> <span class='ocrx_word' id='word_1_143' title='bbox 804 2487 925 2556; x_wconf 86' lang='lat' dir='ltr'><strong>improba</strong></span> <span class='ocrx_word' id='word_1_144' title='bbox 937 2504 1009 2549; x_wconf 89' lang='lat' dir='ltr'><strong>voce,</strong></span> 
     </span>
    </p>

    <p class='ocr_par' dir='ltr' id='par_1_7' title="bbox 309 2571 880 2642">
     <span class='ocr_line' id='line_1_22' title="bbox 309 2571 880 2642; baseline 0.002 -17"><span class='ocrx_word' id='word_1_145' title='bbox 309 2571 345 2625; x_wconf 87' lang='lat' dir='ltr'><strong>Et</strong></span> <span class='ocrx_word' id='word_1_146' title='bbox 357 2573 414 2626; x_wconf 87' lang='lat' dir='ltr'><strong>sola</strong></span> <span class='ocrx_word' id='word_1_147' title='bbox 425 2573 452 2626; x_wconf 89' lang='lat' dir='ltr'><strong>in</strong></span> <span class='ocrx_word' id='word_1_148' title='bbox 466 2573 536 2626; x_wconf 90' lang='lat' dir='ltr'><strong>sicca</strong></span> <span class='ocrx_word' id='word_1_149' title='bbox 547 2591 638 2626; x_wconf 90' lang='lat' dir='ltr'><strong>secum</strong></span> <span class='ocrx_word' id='word_1_150' title='bbox 653 2574 782 2642; x_wconf 85' lang='lat' dir='ltr'><strong>spatiatur</strong></span> <span class='ocrx_word' id='word_1_151' title='bbox 793 2591 880 2626; x_wconf 88' lang='lat' dir='ltr'><strong>arena.</strong></span> 
     </span>
    </p>
   </div>
   <div class='ocr_carea' id='block_1_5' title="bbox 170 2708 1215 2916">
    <p class='ocr_par' dir='ltr' id='par_1_8' title="bbox 170 2708 1215 2916">
     <span class='ocr_line' id='line_1_23' title="bbox 217 2708 1215 2801; baseline -0.004 -21"><span class='ocrx_word' id='word_1_152' title='bbox 217 2709 358 2780; x_wconf 90' lang='lat' dir='ltr'><strong>Verum</strong></span> <span class='ocrx_word' id='word_1_153' title='bbox 386 2708 474 2778; x_wconf 91' lang='lat' dir='ltr'><strong>nihil</strong></span> <span class='ocrx_word' id='word_1_154' title='bbox 504 2710 597 2800; x_wconf 89' lang='lat' dir='ltr'><strong>apud</strong></span> <span class='ocrx_word' id='word_1_155' title='bbox 627 2734 709 2779; x_wconf 90' lang='lat' dir='ltr'><strong>eum</strong></span> <span class='ocrx_word' id='word_1_156' title='bbox 739 2719 802 2779; x_wconf 88' lang='lat' dir='ltr'><strong>aut</strong></span> <span class='ocrx_word' id='word_1_157' title='bbox 833 2709 1013 2801; x_wconf 89' lang='lat' dir='ltr'><strong>pulchrius</strong></span> <span class='ocrx_word' id='word_1_158' title='bbox 1043 2717 1106 2778; x_wconf 86' lang='lat' dir='ltr'><strong>aut</strong></span> <span class='ocrx_word' id='word_1_159' title='bbox 1132 2731 1215 2777; x_wconf 89' lang='lat' dir='ltr'><strong>vero</strong></span> 
     </span>
     <span class='ocr_line' id='line_1_24' title="bbox 170 2825 1215 2916; baseline -0.001 -24"><span class='ocrx_word' id='word_1_160' title='bbox 170 2825 321 2916; x_wconf 90' lang='lat' dir='ltr'><strong>propius,</strong></span> <span class='ocrx_word' id='word_1_161' title='bbox 346 2847 452 2915; x_wconf 88' lang='lat' dir='ltr'><strong>quam</strong></span> <span class='ocrx_word' id='word_1_162' title='bbox 478 2825 539 2894; x_wconf 92' lang='lat' dir='ltr'><strong>ubi</strong></span> <span class='ocrx_word' id='word_1_163' title='bbox 566 2825 738 2895; x_wconf 86' lang='lat' dir='ltr'><strong>columbae</strong></span> <span class='ocrx_word' id='word_1_164' title='bbox 764 2826 855 2895; x_wconf 87' lang='lat' dir='ltr'><strong>forte</strong></span> <span class='ocrx_word' id='word_1_165' title='bbox 880 2826 921 2895; x_wconf 91' lang='lat' dir='ltr'><strong>fit</strong></span> <span class='ocrx_word' id='word_1_166' title='bbox 947 2825 1103 2893; x_wconf 86' lang='lat' dir='ltr'><strong>mentio:</strong></span> <span class='ocrx_word' id='word_1_167' title='bbox 1134 2847 1215 2892; x_wconf 89' lang='lat' dir='ltr'><strong>nam</strong></span> 
     </span>
    </p>
   </div>
   <div class='ocr_carea' id='block_1_6' title="bbox 169 2939 1215 3125">
    <p class='ocr_par' dir='ltr' id='par_1_9' title="bbox 169 2939 1215 3125">
     <span class='ocr_line' id='line_1_25' title="bbox 169 2939 1215 3024; baseline 0 -17"><span class='ocrx_word' id='word_1_168' title='bbox 169 2960 270 3009; x_wconf 85' lang='lat' dir='ltr'><strong>avem</strong></span> <span class='ocrx_word' id='word_1_169' title='bbox 297 2939 388 3009; x_wconf 90' lang='lat' dir='ltr'><strong>hanc</strong></span> <span class='ocrx_word' id='word_1_170' title='bbox 414 2962 521 3009; x_wconf 90' lang='lat' dir='ltr'><strong>unam</strong></span> <span class='ocrx_word' id='word_1_171' title='bbox 548 2950 632 3010; x_wconf 88' lang='lat' dir='ltr'><strong>ante</strong></span> <span class='ocrx_word' id='word_1_172' title='bbox 658 2965 789 3024; x_wconf 70' lang='lat' dir='ltr'><strong>omnes</strong></span> <span class='ocrx_word' id='word_1_173' title='bbox 812 2952 852 3010; x_wconf 93' lang='lat' dir='ltr'><strong>ut</strong></span> <span class='ocrx_word' id='word_1_174' title='bbox 874 2942 1023 3021; x_wconf 87' lang='lat' dir='ltr'><strong>videtur,</strong></span> <span class='ocrx_word' id='word_1_175' title='bbox 1050 2939 1215 3008; x_wconf 83' lang='lat' dir='ltr'><strong>dilectam</strong></span> 
     </span>
     <span class='ocr_line' id='line_1_26' title="bbox 169 3051 650 3125; baseline 0.01 -5"><span class='ocrx_word' id='word_1_176' title='bbox 169 3051 332 3124; x_wconf 87' lang='lat' dir='ltr'><strong>habebat.</strong></span> <span class='ocrx_word' id='word_1_177' title='bbox 376 3054 513 3124; x_wconf 90' lang='lat' dir='ltr'><strong>Audite</strong></span> <span class='ocrx_word' id='word_1_178' title='bbox 533 3069 650 3125; x_wconf 70' lang='lat' dir='ltr'><strong>veros.</strong></span> 
     </span>
    </p>
   </div>
   <div class='ocr_carea' id='block_1_7' title="bbox 224 3196 1062 3616">
    <p class='ocr_par' dir='ltr' id='par_1_10' title="bbox 224 3196 1062 3616">
     <span class='ocr_line' id='line_1_27' title="bbox 224 3196 934 3267; baseline -0.003 -13"><span class='ocrx_word' id='word_1_179' title='bbox 224 3254 228 3260; x_wconf 83' lang='grc'>,</span> <span class='ocrx_word' id='word_1_180' title='bbox 311 3196 404 3255; x_wconf 80' lang='lat' dir='ltr'><strong>Qualis</strong></span> <span class='ocrx_word' id='word_1_181' title='bbox 417 3198 543 3267; x_wconf 84' lang='lat' dir='ltr'><strong>spelunca</strong></span> <span class='ocrx_word' id='word_1_182' title='bbox 555 3198 644 3252; x_wconf 90' lang='lat' dir='ltr'><strong>subito</strong></span> <span class='ocrx_word' id='word_1_183' title='bbox 657 3209 790 3253; x_wconf 84' lang='lat' dir='ltr'><strong>commota</strong></span> <span class='ocrx_word' id='word_1_184' title='bbox 803 3199 934 3262; x_wconf 91' lang='lat' dir='ltr'><strong>columba,</strong></span> 
     </span>
     <span class='ocr_line' id='line_1_28' title="bbox 310 3283 990 3355; baseline -0.001 -18"><span class='ocrx_word' id='word_1_185' title='bbox 310 3283 361 3338; x_wconf 79' lang='lat' dir='ltr'><strong>Oui</strong></span> <span class='ocrx_word' id='word_1_186' title='bbox 373 3283 470 3338; x_wconf 91' lang='lat' dir='ltr'><strong>domus</strong></span> <span class='ocrx_word' id='word_1_187' title='bbox 482 3293 508 3338; x_wconf 91' lang='lat' dir='ltr'><strong>et</strong></span> <span class='ocrx_word' id='word_1_188' title='bbox 521 3285 611 3338; x_wconf 87' lang='lat' dir='ltr'><strong>dulces</strong></span> <span class='ocrx_word' id='word_1_189' title='bbox 623 3286 755 3339; x_wconf 88' lang='lat' dir='ltr'><strong>latebroso</strong></span> <span class='ocrx_word' id='word_1_190' title='bbox 768 3286 796 3338; x_wconf 90' lang='lat' dir='ltr'><strong>in</strong></span> <span class='ocrx_word' id='word_1_191' title='bbox 809 3286 913 3355; x_wconf 91' lang='lat' dir='ltr'><strong>pumice</strong></span> <span class='ocrx_word' id='word_1_192' title='bbox 925 3284 990 3347; x_wconf 90' lang='lat' dir='ltr'><strong>nidi,</strong></span> 
     </span>
     <span class='ocr_line' id='line_1_29' title="bbox 310 3369 1062 3440; baseline -0.001 -18"><span class='ocrx_word' id='word_1_193' title='bbox 310 3369 404 3423; x_wconf 88' lang='lat' dir='ltr'><strong>Fertur</strong></span> <span class='ocrx_word' id='word_1_194' title='bbox 415 3370 444 3423; x_wconf 86' lang='lat' dir='ltr'><strong>in</strong></span> <span class='ocrx_word' id='word_1_195' title='bbox 456 3387 519 3424; x_wconf 86' lang='lat' dir='ltr'><strong>arva</strong></span> <span class='ocrx_word' id='word_1_196' title='bbox 530 3371 632 3433; x_wconf 91' lang='lat' dir='ltr'><strong>volans,</strong></span> <span class='ocrx_word' id='word_1_197' title='bbox 645 3371 821 3440; x_wconf 87' lang='lat' dir='ltr'><strong>plausumque</strong></span> <span class='ocrx_word' id='word_1_198' title='bbox 834 3369 956 3422; x_wconf 87' lang='lat' dir='ltr'><strong>exterrita</strong></span> <span class='ocrx_word' id='word_1_199' title='bbox 968 3369 1062 3438; x_wconf 89' lang='lat' dir='ltr'><strong>pennis</strong></span> 
     </span>
     <span class='ocr_line' id='line_1_30' title="bbox 309 3455 950 3527; baseline -0.005 -17"><span class='ocrx_word' id='word_1_200' title='bbox 309 3457 364 3510; x_wconf 80' lang='lat' dir='ltr'><strong>Dat</strong></span> <span class='ocrx_word' id='word_1_201' title='bbox 376 3466 446 3511; x_wconf 86' lang='lat' dir='ltr'><strong>tecto</strong></span> <span class='ocrx_word' id='word_1_202' title='bbox 458 3456 610 3527; x_wconf 68' lang='lat' dir='ltr'><strong>ingentem</strong></span> <span class='ocrx_word' id='word_1_203' title='bbox 630 3475 693 3511; x_wconf 80' lang='lat' dir='ltr'><strong>mox</strong></span> <span class='ocrx_word' id='word_1_204' title='bbox 705 3460 764 3510; x_wconf 73' lang='lat' dir='ltr'><strong>aere</strong></span> <span class='ocrx_word' id='word_1_205' title='bbox 775 3458 850 3525; x_wconf 87' lang='lat' dir='ltr'><strong>lapsa</strong></span> <span class='ocrx_word' id='word_1_206' title='bbox 861 3455 950 3525; x_wconf 90' lang='lat' dir='ltr'><strong>quieto</strong></span> 
     </span>
     <span class='ocr_line' id='line_1_31' title="bbox 310 3542 1048 3616; baseline -0.005 -19"><span class='ocrx_word' id='word_1_207' title='bbox 310 3543 389 3597; x_wconf 87' lang='lat' dir='ltr'><strong>Radit</strong></span> <span class='ocrx_word' id='word_1_208' title='bbox 400 3545 450 3597; x_wconf 89' lang='lat' dir='ltr'><strong>iter</strong></span> <span class='ocrx_word' id='word_1_209' title='bbox 461 3543 602 3616; x_wconf 91' lang='lat' dir='ltr'><strong>liquidum,</strong></span> <span class='ocrx_word' id='word_1_210' title='bbox 616 3545 712 3598; x_wconf 90' lang='lat' dir='ltr'><strong>celeres</strong></span> <span class='ocrx_word' id='word_1_211' title='bbox 725 3561 810 3614; x_wconf 88' lang='lat' dir='ltr'><strong>neque</strong></span> <span class='ocrx_word' id='word_1_212' title='bbox 823 3548 972 3595; x_wconf 82' lang='lat' dir='ltr'><strong>commovet</strong></span> <span class='ocrx_word' id='word_1_213' title='bbox 984 3542 1048 3594; x_wconf 83' lang='lat' dir='ltr'><strong>alas.</strong></span> 
     </span>
    </p>
   </div>
   <div class='ocr_carea' id='block_1_8' title="bbox 170 3661 1218 4078">
    <p class='ocr_par' dir='ltr' id='par_1_11' title="bbox 170 3661 1218 4078">
     <span class='ocr_line' id='line_1_32' title="bbox 172 3661 1217 3759; baseline -0.004 -25"><span class='ocrx_word' id='word_1_214' title='bbox 172 3664 300 3747; x_wconf 89' lang='lat' dir='ltr'><strong>Primo,</strong></span> <span class='ocrx_word' id='word_1_215' title='bbox 322 3690 418 3759; x_wconf 86' lang='lat' dir='ltr'><strong>aegre</strong></span> <span class='ocrx_word' id='word_1_216' title='bbox 441 3667 700 3758; x_wconf 86' lang='lat' dir='ltr'><strong>quodammodo</strong></span> <span class='ocrx_word' id='word_1_217' title='bbox 726 3666 805 3746; x_wconf 86' lang='lat' dir='ltr'><strong>fert,</strong></span> <span class='ocrx_word' id='word_1_218' title='bbox 832 3663 1012 3732; x_wconf 87' lang='lat' dir='ltr'><strong>exturbari</strong></span> <span class='ocrx_word' id='word_1_219' title='bbox 1039 3661 1217 3731; x_wconf 89' lang='lat' dir='ltr'><strong>volucrem</strong></span> 
     </span>
     <span class='ocr_line' id='line_1_33' title="bbox 171 3775 1218 3873; baseline -0.003 -25"><span class='ocrx_word' id='word_1_220' title='bbox 171 3803 214 3849; x_wconf 89' lang='lat' dir='ltr'><strong>ex</strong></span> <span class='ocrx_word' id='word_1_221' title='bbox 241 3781 371 3873; x_wconf 80' lang='lat' dir='ltr'><strong>angulo</strong></span> <span class='ocrx_word' id='word_1_222' title='bbox 398 3792 471 3850; x_wconf 90' lang='lat' dir='ltr'><strong>tam</strong></span> <span class='ocrx_word' id='word_1_223' title='bbox 501 3779 712 3872; x_wconf 92' lang='lat' dir='ltr'><strong>tranquillo:</strong></span> <span class='ocrx_word' id='word_1_224' title='bbox 744 3781 871 3849; x_wconf 90' lang='lat' dir='ltr'><strong>deinde</strong></span> <span class='ocrx_word' id='word_1_225' title='bbox 899 3775 1008 3846; x_wconf 90' lang='lat' dir='ltr'><strong>oculis</strong></span> <span class='ocrx_word' id='word_1_226' title='bbox 1034 3799 1104 3844; x_wconf 90' lang='lat' dir='ltr'><strong>non</strong></span> <span class='ocrx_word' id='word_1_227' title='bbox 1130 3778 1218 3845; x_wconf 91' lang='lat' dir='ltr'><strong>invi·</strong></span> 
     </span>
     <span class='ocr_line' id='line_1_34' title="bbox 170 3890 1218 3987; baseline -0.004 -25"><span class='ocrx_word' id='word_1_228' title='bbox 170 3896 214 3964; x_wconf 91' lang='lat' dir='ltr'><strong>tis</strong></span> <span class='ocrx_word' id='word_1_229' title='bbox 239 3896 364 3986; x_wconf 90' lang='lat' dir='ltr'><strong>aspicit</strong></span> <span class='ocrx_word' id='word_1_230' title='bbox 390 3895 620 3987; x_wconf 88' lang='lat' dir='ltr'><strong>liquidissimo</strong></span> <span class='ocrx_word' id='word_1_231' title='bbox 649 3894 709 3963; x_wconf 95' lang='lat' dir='ltr'><strong>illo</strong></span> <span class='ocrx_word' id='word_1_232' title='bbox 736 3904 774 3963; x_wconf 88' lang='lat' dir='ltr'><strong>et</strong></span> <span class='ocrx_word' id='word_1_233' title='bbox 799 3892 1004 3962; x_wconf 91' lang='lat' dir='ltr'><strong>mollissimo</strong></span> <span class='ocrx_word' id='word_1_234' title='bbox 1028 3890 1126 3981; x_wconf 84' lang='lat' dir='ltr'><strong>lapsu</strong></span> <span class='ocrx_word' id='word_1_235' title='bbox 1147 3891 1218 3959; x_wconf 89' lang='lat' dir='ltr'><strong>fru-</strong></span> 
     </span>
     <span class='ocr_line' id='line_1_35' title="bbox 172 4018 303 4078; baseline -0.008 0"><span class='ocrx_word' id='word_1_236' title='bbox 172 4018 303 4078; x_wconf 85' lang='lat' dir='ltr'><strong>entem.</strong></span> 
     </span>
    </p>
   </div>
   <div class='ocr_carea' id='block_1_9' title="bbox 274 4200 1110 4273">
    <p class='ocr_par' dir='ltr' id='par_1_12' title="bbox 274 4200 1110 4273">
     <span class='ocr_line' id='line_1_36' title="bbox 274 4200 1110 4273; baseline -0.001 -22"><span class='ocrx_word' id='word_1_237' title='bbox 274 4205 391 4272; x_wconf 60' lang='lat' dir='ltr'><strong>&#39;Gem-</strong></span> <span class='ocrx_word' id='word_1_238' title='bbox 409 4222 430 4258; x_wconf 83' lang='lat'><strong>1.</strong></span> <span class='ocrx_word' id='word_1_239' title='bbox 445 4205 505 4273; x_wconf 84' lang='lat'><strong>383.</strong></span> <span class='ocrx_word' id='word_1_240' title='bbox 907 4200 997 4251; x_wconf 78' lang='lat' dir='ltr'><strong>⁸AEn.</strong></span> <span class='ocrx_word' id='word_1_241' title='bbox 1011 4213 1036 4268; x_wconf 89' lang='lat'><strong>5.</strong></span> <span class='ocrx_word' id='word_1_242' title='bbox 1051 4215 1110 4268; x_wconf 82' lang='lat'><strong>213.</strong></span> 
     </span>
    </p>
   </div>
   <div class='ocr_carea' id='block_1_10' title="bbox 0 0 1396 4876">
    <p class='ocr_par' dir='ltr' id='par_1_13' title="bbox 0 0 1396 4876">
     <span class='ocr_line' id='line_1_37' title="bbox 0 0 1396 4876; baseline 0 0"><span class='ocrx_word' id='word_1_243' title='bbox 0 0 1396 4876; x_wconf 95' lang='lat' dir='ltr'><strong> </strong></span> 
     </span>
    </p>
   </div>
  </div>
 </body>
</html>
