2768 4876
176 310 349 352 rannxxx.
394 288 528 372 69666116
533 287 690 372 sedeccia
705 287 865 352 6616611616
879 287 1050 372 imaginem.
1156 285 1221 351 623

174 459 232 529 illa
247 461 365 552 specie
383 482 505 529 earum
522 481 640 528 rerum
657 483 738 551 quae
756 459 866 530 6611116
883 468 1075 530 6616661111
1091 461 1221 532 inesset

173 576 265 666 quod
289 597 354 645 sua
370 575 405 643 vi
424 573 558 644 levaret
584 574 754 645 dolorem.
806 575 924 645 lmmo
949 575 1071 647 rivulis
1096 599 1222 668 parum

174 691 344 772 conteuti,
361 691 565 760 adeundum
581 691 756 782 putabant
775 690 898 782 Ipsum
916 690 1078 761 Fontem.

222 816 243 845 ‘⁴
258 806 460 877 Nullumne
489 830 573 900 ergo
604 807 805 877 habuerunt
836 807 987 879 Naturae
1016 830 1131 888 usum,
1162 807 1223 877 ha-

173 945 324 1014 rumque
351 924 510 992 cmnium
537 922 754 1003 deliciarum,
779 921 927 992 Hebraei
955 933 1052 994 vates
1061 924 1095 994 1”
1148 923 1224 994 Ha·

175 1037 329 1109 buenmt
359 1061 451 1120 vero,
482 1046 520 1107 et
549 1039 745 1107 maximum
781 1037 883 1107 illum
914 1039 1068 1129 quidem.
1126 1037 1223 1108 Nam

174 1164 262 1244 quot
278 1161 405 1224 extant
423 1153 544 1222 formae
565 1175 685 1222 rerum
710 1176 751 1222 ac
777 1153 884 1223 facies
909 1154 946 1222 in
971 1153 1133 1222 miranda
1157 1153 1224 1223 hac

174 1270 248 1340 caeli
267 1278 305 1339 et
323 1283 496 1339 terrarum
514 1291 695 1362 compage,
714 1277 770 1338 161
791 1269 1039 1362 intelligebant
1065 1270 1132 1339 sibi
1150 1271 1223 1339 dari

174 1385 304 1457 indicia
328 1394 367 1455 et
392 1387 560 1478 quasdam
586 1385 686 1476 quasi
715 1393 864 1456 tesseras
894 1386 1064 1478 propioris
1091 1385 1159 1454 Dei
1187 1394 1224 1455 et

175 1525 293 1572 rerum
319 1501 423 1594 plane
440 1502 648 1571 divinarum.
701 1500 787 1570 Nou
805 1524 889 1594 ergo
905 1503 942 1570 in
961 1501 1065 1572 hasce
1083 1501 1225 1572 delicias

175 1639 207 1688 sc
232 1626 456 1709 receperunt,
474 1617 604 1708 quietis
630 1625 668 1686 61
694 1616 810 1687 6616111
836 1641 939 1710 ergo:
967 1618 1028 1687 sed
1053 1618 1099 1687 ab
1123 1618 1225 1687 initio

175 1733 381 1815 didicerant,
404 1755 524 1802 earum
558 1756 625 1824 ope
655 1733 839 1824 erigendos
863 1735 999 1803 6611666
1028 1734 1065 1802 16
1095 1734 1226 1824 majora

174 1860 207 1920 ct
234 1848 395 1920 meliora.
447 1848 566 1931 Quare
587 1871 653 1918 nec
679 1848 853 1919 intactum
880 1848 1099 1940 reliquerunt
1116 1848 1225 1918 ullam

172 1964 286 2036 161166
312 1963 460 2033 Naturae
485 1973 633 2055 partem,
660 1973 697 2033 et
722 1988 765 2034 ea
790 1989 868 2056 quae
894 1967 1085 2058 tetigerant
1108 1966 1227 2034 omnia

169 2082 389 2171 nescioquo
415 2078 549 2148 lumine
574 2089 762 2149 auxerunt.
816 2080 928 2149 Nullo
954 2104 1110 2171 uuquam
1135 2089 1227 2151 tem-

163 2215 259 2286 pore
291 2217 359 2265 nec
388 2195 535 2287 pulchra
562 2197 637 2266 sine
667 2190 866 2282 dulcedine,
898 2220 964 2267 nec
993 2205 1120 2267 mcesta
1152 2197 1227 2266 sine

163 2311 318 2393 affectu,
335 2333 402 2380 nec
419 2311 603 2403 splendida
621 2313 696 2382 siue
713 2312 837 2381 ardore
853 2314 1007 2404 quodam
1024 2320 1226 2404 posuerunt.

163 2425 360 2498 Nimirum
379 2427 435 2515 (ut
452 2428 490 2496 in
506 2450 545 2496 re
562 2429 781 2498 sanctissima
798 2430 914 2498 verbis
939 2427 1046 2498 liceat
1070 2430 1123 2500 uti
1149 2452 1228 2521 pro-

162 2544 282 2636 fanis)

357 2638 457 2710 lgneus
468 2646 507 2692 est
519 2640 578 2694 61116
590 2639 676 2710 vigor,
688 2647 715 2692 61
727 2638 838 2693 66166116
851 2639 926 2708 origo

355 2720 522 2776 Seminibus:

169 2875 252 2943 sive
273 2893 357 2941 cum
375 2870 495 2941 Hiobo
512 2872 562 2941 sic
579 2871 830 2941 circumferant
851 2870 983 2954 oculos,
1000 2878 1041 2939 ut
1058 2871 1132 2940 visa
1150 2869 1230 2939 Nu-

169 2987 285 3057 minis
313 2987 474 3079 pctentia
499 2988 645 3056 minime
671 2987 838 3056 dubitent
864 2988 908 3056 de
934 2986 1094 3055 bonitate
1121 2985 1229 3077 Ejus;

176 3105 254 3174 sive
279 3103 473 3174 cumslsaia
496 3126 579 3172 rura
603 3125 645 3173 ac
670 3104 818 3173 rusticas
843 3110 946 3182 artes,
966 3100 1108 3192 (quibus
1125 3103 1230 3171 unice

177 3240 267 3312 gens
288 3218 489 3289 insueverat
515 3218 697 3311 Hebraea)
724 3242 817 3288 6666
843 3218 887 3288 ad
914 3219 1112 3288 docendum
1132 3216 1231 3286 adhi-

179 3333 301 3417 beant,
314 3357 408 3404 nunc
425 3336 470 3405 ad
488 3336 762 3427 increpandum3
783 3357 846 3405 seu
864 3335 1016 3425 denique
1034 3356 1115 3403 cum
1133 3335 1230 3427 regio

180 3447 244 3518 illc
270 3458 352 3520 vate
377 3473 582 3521 6616166666
599 3451 698 3542 quasi
721 3450 871 3521 Naturae
896 3457 1052 3520 tractent
1069 3449 1175 3531 16666,
1193 3458 1230 3519 61

180 3564 219 3633 16
244 3565 371 3634 1116616
390 3566 566 3635 viatorum
591 3587 690 3634 more
716 3572 872 3646 cantent,
890 3565 1040 3656 sumptis
1061 3587 1107 3633 ex
1127 3565 1231 3634 obvia

180 3702 322 3771 quaque
347 3704 386 3751 re
412 3680 482 3751 Dei
504 3680 548 3752 Ο.
568 3680 624 3751 Μ.
642 3680 815 3751 laudibus.
874 3679 943 3750 His
969 3689 1089 3749 tamen
1117 3682 1169 3750 ita
1193 3703 1231 3750 66

181 3795 375 3879 oblectant,
401 3806 444 3867 ut
470 3797 532 3889 qui
559 3796 629 3866 alio
659 3819 799 3889 prorsus
832 3796 911 3866 loco
941 3818 1115 3866 summam
1141 3795 1231 3865 Poe-

180 3932 261 3982 seos
272 3935 343 3982 suae
359 3921 514 4005 ponant3
538 3913 576 3981 in
593 3936 636 3982 66
653 3913 785 3982 61161166
800 3912 1072 3982 Η6166116611161
1090 3919 1127 3981 61
1142 3911 1232 3982 Η61-

183 4023 309 4100 1661666
326 4027 477 4111 familias,
491 4027 654 4119 auspiciis
671 4029 777 4097 modo
795 4026 899 4121 longe
916 4026 1131 4095 melioribus.

234 4139 424 4213 Videtisne
455 4143 583 4213 nostris
613 4164 659 4211 ex
689 4142 847 4234 partibus
876 4149 969 4211 61616
999 4141 1074 4210 haec
1103 4143 1231 4223 omnia,

183 4264 330 4328 eatenus
360 4266 466 4341 certe,
498 4266 539 4327 ut
570 4281 612 4327 ea
641 4258 864 4349 potissimum
895 4280 982 4351 gens
1011 4259 1142 4351 agresti
1171 4257 1232 4327 illa
