2768 4876
162 325 254 366 anau.
268 325 361 367 xm.
435 302 572 387 Ineptias
586 301 753 386 aliquando
759 303 849 386 sarri
857 324 950 388 ροιιν.
1149 305 1214 370 589

162 472 260 543 Nam
288 475 325 543 in
350 473 484 547 Medea
512 475 675 546 laudibus
702 474 937 557 Athenarum,
963 474 1047 544 licet
1079 472 1213 557 alienia,

159 612 260 680 paene
291 591 448 661 adducor
477 601 518 660 ut
549 592 751 685 ignoscam:
789 615 896 682 quern
927 593 1021 662 enim
1052 613 1121 659 non
1154 589 1214 659 de·

159 705 320 776 mulceat
337 708 508 777 eximium
527 731 668 777 carmen
679 717 708 789 8,

408 835 569 907 Ἐρεχθεῖδαι
581 838 612 890 τὸ
623 837 734 890 πάλαιον
746 835 842 900 ὄλβιοι,

410 923 452 975 καὶ
464 922 529 977 θεῶν
540 923 630 979 παῖδες
641 923 776 993 μακάρωνς

161 1035 250 1118 Quae
276 1036 396 1106 nescio
415 1059 506 1119 sane,
525 1061 570 1108 au
588 1038 714 1129 injuria
736 1039 886 1109 dixerim
911 1035 1044 1105 aliena:
1071 1056 1214 1104 cumea

161 1151 312 1242 scriptor
329 1149 499 1240 ἐνδοσίμῳ,
518 1153 612 1243 quod
630 1162 767 1233 vocant,
785 1154 874 1223 adeo
892 1151 984 1221 felici
1003 1173 1084 1221 cum
1108 1150 1214 1219 rebus

163 1264 304 1336 Medeae
322 1268 567 1359 conjunxerit:

444 1411 499 1462 πῶς
509 1404 555 1461 οὖν
567 1407 641 1477 ἱερῶν
652 1411 773 1476 ποταμῶν

445 1487 686 1560 ἣπόλικ,ἣφι’λαν

445 1577 706 1645 πομπιμόοσεχῶρα

446 1661 493 1714 τὰν
503 1660 700 1731 παιδολέτειραν
712 1660 773 1728 ἕξει,

445 1747 492 1800 πὰν
503 1748 549 1800 οὐκ
561 1748 638 1802 ὁσίαν
644 1769 653 1810 3
672 1746 726 1816 μετ’
739 1747 828 1801 ἄλλων

446 1832 547 1904 σκέψαι
559 1833 651 1888 τεκέων
662 1834 775 1905 πλάγαν,

344 1952 348 1957 ·
448 1919 547 1989 σκέψαι
559 1920 643 1989 φόνον
655 1916 709 1972 οἷον
721 1918 795 1989 αἴρει.

214 2028 311 2099 Illud
334 2030 446 2100 addo:
475 2032 568 2121 apud
586 2032 776 2124 Tragoedos
804 2054 875 2099 non
901 2053 1040 2123 semper
1057 2031 1215 2103 damnari

168 2154 341 2237 oportere,
367 2169 412 2215 ne
437 2146 582 2240 frigidos
607 2147 751 2238 quidem
778 2154 816 2215 et
848 2146 1116 2238 intempestivos
1146 2171 1216 2216 ser-

167 2283 298 2330 mones.
353 2259 450 2330 Nam
477 2262 552 2330 fieri
575 2270 702 2353 potest,
727 2269 768 2330 ut
792 2262 896 2330 rebus
922 2262 1030 2330 etiam
1055 2263 1216 2355 gravissi·

167 2376 232 2444 mis
254 2376 408 2467 ineptior
430 2376 556 2467 aliquis
582 2377 673 2446 adsit
699 2399 740 2445 ac
762 2375 950 2466 loquacior,
969 2377 1069 2467 cujus
1094 2384 1215 2446 tamen

167 2512 269 2582 uugae
285 2513 357 2560 non
374 2513 497 2582 parum
516 2491 699 2561 conferant
715 2491 760 2560 ad
778 2513 951 2560 summam
969 2490 1078 2560 totius
1092 2514 1217 2559 aerum-

167 2626 245 2687 nae3
271 2605 402 2697 quippe
420 2629 496 2697 quae
514 2606 561 2674 ob
578 2628 656 2675 eam
671 2604 896 2674 collationem
915 2606 978 2675 liat
994 2605 1152 2675 acerbior
1165 2606 1215 2674 vi-

168 2741 278 2811 suque
296 2720 440 2790 foedior:
468 2720 766 2811 quemadmodum
784 2722 893 2802 aiunt,
913 2720 1102 2811 squallidus
1120 2743 1216 2790 casas

168 2844 204 2904 et
221 2857 416 2927 pauperum
441 2835 624 2905 hortorum
643 2835 830 2906 colluviem
854 2836 929 2927 ipsa
953 2835 1216 2927 propinquitate

167 2950 373 3020 moestitiam
391 2953 568 3041 quandam
596 2951 725 3020 addere
749 2951 874 3020 dirutis
896 2950 952 3019 vel
975 2949 1133 3020 Deorum
1160 2948 1217 3018 vel

167 3087 289 3159 regum
308 3068 559 3135 monumentis.
607 3064 687 3135 Hac
704 3067 841 3136 ratione
859 3066 973 3136 multa
990 3074 1137 3136 excuset
1154 3065 1218 3135 ali·

167 3181 254 3271 quis,
282 3188 361 3249 tum
395 3181 489 3272 apud
520 3180 763 3272 Shaksperum
796 3189 967 3262 nostrum,
998 3190 1076 3250 tum
1108 3182 1217 3250 etiam

167 3295 261 3387 apud
287 3294 504 3386 Euripidem,
529 3294 658 3386 alioqui
685 3297 769 3365 satis
797 3295 911 3365 aliena
934 3304 1041 3386 atque
1065 3295 1215 3365 insulsa:

168 3409 285 3502 qualia
302 3416 385 3478 sunt
401 3408 463 3478 illa
485 3410 652 3500 praeconis
669 3409 828 3480 Thebani
846 3411 881 3478 in
901 3409 1137 3502 supplicibus,
1156 3410 1217 3499 qui

166 3521 233 3591 sub
249 3522 359 3590 linem
376 3522 542 3591 orationis
562 3522 687 3592 miram
705 3522 882 3613 quandam
900 3521 1050 3591 effundit
1076 3544 1217 3613 prover-

169 3636 306 3706 biorum
325 3636 462 3727 copiam
474 3632 512 3706 ¹¹:

344 3774 433 3843 φιλεῖν
443 3773 490 3843 μὲν
502 3774 547 3829 οὗν
557 3774 608 3845 χρὴ
620 3777 680 3831 τοὺς
692 3775 794 3846 σοφοὺς
805 3779 908 3844 πρῶτον
919 3773 1002 3836 τέκνα,

344 3858 431 3912 ἔπειτα
442 3859 540 3924 τοκέας,
552 3860 663 3930 πατρίδα
673 3860 706 3923 θ’,
719 3859 749 3928 ἣν
761 3860 846 3927 αὔξειν
857 3861 950 3929 χρεὼν,

345 3944 386 3997 καὶ
397 3946 431 4014 μὴ
444 3945 558 4014 κατάξαι·
578 3948 724 4017 σφαλερὸν,
736 3945 837 4017 ἡγεμὼν
849 3946 956 4016 θρασὺς,

345 4031 406 4085 νεώς
417 4052 446 4084 τε
458 4029 556 4099 ναύτης·
576 4030 675 4101 ἥσυχος
688 4034 775 4102 καιρῷ,
789 4032 884 4101 σοφός.

346 4116 386 4168 καὶ
398 4118 474 4170 τοῦτό
484 4138 529 4184 μοι
541 4116 682 4185 τάνδρεῖον,
696 4115 711 4184 ἡ
723 4114 861 4185 προμηθία.

273 4305 290 4343 8
304 4297 375 4351 Med.
389 4298 450 4354 820.
915 4298 930 4336 ¹¹
944 4299 1035 4368 Suppl.
1049 4301 1110 4365 508.
