2768 4876
171 336 380 380 raanxxvu.
424 311 741 396 aboomipraemtim
754 311 1005 394 Nuturaeporto.
1156 313 1221 378 557

171 487 278 557 etiam
295 485 359 555 ubi
378 504 512 553 numen
527 482 628 552 adest
646 480 704 550 vel
720 503 791 550 non
806 489 995 564 vocatum3
1021 480 1123 551 velut
1141 480 1222 551 Pal-

170 599 220 670 las
237 597 555 690 Bellerophonti⁸r

380 744 412 818 ἐξ
424 743 523 820 ὃνείροιι
535 747 557 804 8
570 752 660 803 αὔτικα

347 828 378 902 ἢν
390 828 467 905 ὕπαρ·
486 836 595 906 φανάσε
606 827 639 899 δ’,
653 832 743 898 εὕδειν,
755 832 864 889 Αἰολίδα
874 837 1004 900 βασιλεῦς

346 919 394 992 ὅγε
405 922 520 992 φιλτρὸν
529 920 583 974 πόδ’
595 919 697 975 ἵππειον
708 920 790 975 δέκευ.

170 1046 226 1120 Ex
252 1073 326 1142 quo
351 1048 572 1142 intelligitur,
598 1050 728 1118 artium
758 1050 1011 1131 inventoribus,
1036 1046 1092 1117 vel
1121 1045 1220 1116 nulla

168 1162 440 1245 necessitudine,
458 1163 617 1233 Deorum
635 1163 811 1255 quendam
828 1163 904 1231 fore
921 1167 1146 1254 praesentem.

217 1278 345 1348 Nullae
371 1277 524 1369 denique
551 1300 667 1369 neque
695 1277 873 1346 montium
899 1299 1016 1368 neque
1041 1275 1219 1369 sylvanum

167 1393 386 1473 solitudines,
409 1391 541 1462 nullius
568 1392 666 1462 fluvii
693 1415 825 1473 cursus,
848 1391 947 1460 nulla
974 1391 1087 1473 litora,
1112 1389 1219 1460 nullae

167 1528 268 1598 paene
287 1506 438 1576 dixerim
456 1507 584 1576 aestivae
601 1507 824 1598 tempestatis
842 1529 943 1588 aurae,
958 1506 1020 1575 nbi
1037 1529 1109 1575 non
1126 1504 1219 1575 latu-

166 1622 235 1692 erit
257 1622 411 1690 divinior
432 1620 550 1712 aliqua
570 1629 739 1714 potestas,
760 1621 988 1713 praesentiam
1010 1621 1064 1690 sui
1082 1620 1219 1690 factura

166 1758 229 1827 pro
250 1757 291 1805 ra
308 1757 354 1806 ac
374 1744 546 1829 tempore.
598 1735 730 1806 Omnia
753 1734 1015 1828 quodammodo
1041 1734 1129 1803 foeta
1153 1756 1219 1803 nu-

166 1849 332 1920 minibus.
384 1848 481 1920 Hino
499 1849 659 1926 οἷοπολος
682 1850 745 1921 ille
770 1848 899 1931 δαίμων,
917 1849 979 1940 qui
1003 1847 1110 1941 gleba
1134 1848 1218 1918 data

167 1963 308 2034 cuidam
341 1961 630 2057 Argonautarum
667 1965 705 2034 iu
738 1986 875 2046 manus,
911 1962 1091 2055 Europam
1125 1962 1218 2032 inter

168 2078 390 2172 Libyamque
407 2079 525 2149 sanxit·
541 2079 716 2172 hospitale
730 2080 907 2170 quoddam
925 2079 1040 2149 foedus
1056 2079 1094 2147 in
1111 2099 1217 2147 omne

165 2217 296 2264 aevum.
348 2191 445 2264 Hinc
471 2201 595 2287 stupor
618 2193 681 2265 ille
705 2194 819 2288 plebis
835 2193 1021 2276 Thessala,
1039 2215 1122 2263 cum
1146 2193 1218 2285 pri·

166 2329 263 2378 mum
283 2309 481 2401 comparuit
499 2308 621 2392 Jason,
637 2308 779 2379 heroica
794 2308 899 2401 plane
918 2308 1031 2377 forma
1049 2302 1136 2376 virb.

269 2461 318 2514 τόν
328 2460 376 2530 μέν
387 2461 418 2514 οὔ
428 2462 583 2532 γίγνωσκον
602 2460 759 2530 ὀπιζομένων
770 2461 792 2515 d'
805 2461 887 2532 ἔμπας
898 2483 937 2518 τις
949 2456 1019 2516 εἶπεν
1031 2459 1073 2513 καὶ
1084 2457 1153 2512 πόδε·

265 2548 327 2600 οὔτι
338 2567 390 2601 παν
402 2545 478 2603 οὗτος
487 2546 634 2602 Ἀπόλλων’
654 2547 714 2602 otti
725 2548 777 2618 μὰν
787 2548 971 2619 χαλκάρματός
982 2545 1041 2600 ἐστι
1052 2546 1133 2599 πόσις

269 2630 438 2702 Ἀφμαθιτός.

166 2755 220 2826 En
237 2755 446 2849 praeclaram
463 2756 558 2827 illios
575 2757 767 2851 imaginem
783 2757 962 2849 temporis,
977 2778 1047 2848 quo
1061 2751 1214 2823 “Deum

165 2873 275 2942 vitam
301 2872 522 2963 accipiebant
549 2873 721 2955 homines,
743 2873 914 2963 Ditisque
936 2869 1105 2940 videbant
1130 2866 1215 2937 Per-

165 2989 296 3058 mixtos
312 2987 437 3058 heroas
449 2988 477 3058 :”
495 2989 669 3081 siquidem
687 2986 808 3057 licebit
821 3009 924 3058 versu
941 2983 1214 3076 illoVirgiliano

164 3101 324 3195 paullum
342 3102 452 3173 abuti.

212 3218 309 3302 Quid
331 3218 427 3310 quod
447 3240 511 3288 suo
532 3241 673 3310 quoque
693 3225 854 3310 tempore
877 3217 1019 3308 suisque
1044 3216 1081 3284 in
1107 3213 1213 3284 rebus

164 3342 332 3426 agnoscat
354 3331 527 3404 Pindarus
549 3332 722 3424 ejusmodi
745 3355 888 3424 operam
914 3330 1049 3401 caelitus
1069 3350 1153 3421 erga
1175 3349 1213 3398 se

163 3455 338 3530 navatam,
364 3447 602 3539 daemonisque
625 3449 692 3519 etsi
715 3471 788 3517 non
812 3447 883 3517 Dei
908 3445 1107 3538 propiorem
1130 3464 1213 3511 con-

163 3563 412 3634 suetudinem?
463 3561 711 3633 Alcmaeonem
744 3563 879 3654 utique,
907 3560 1007 3651 cujus
1041 3555 1211 3628 sacellum

163 3685 236 3748 erat
246 3678 358 3768 juxta
375 3678 574 3759 suasiones,
593 3676 659 3747 sibi
681 3684 808 3768 praesto
826 3674 933 3744 fuisse
949 3678 1125 3742 memorat
1141 3670 1210 3739 iter

163 3793 271 3875 eunti,
289 3816 363 3862 non
379 3794 454 3863 sine
471 3792 625 3885 benigno
643 3789 788 3860 consilio
799 3797 832 3858 ⁰:

441 3927 539 3998 χαίρων
551 3925 579 3981 δὲ
591 3927 633 3979 καὶ
644 3925 721 3980 αὐτὸς

298 4013 432 4083 Ἀλκμᾶνα
444 4013 601 4083 στιφάνοισι
611 4011 714 4076 βάλλω,
726 4007 804 4080 ῥαίνω
817 4007 899 4062 δὲκαὶ
911 4005 989 4079 ὕμνῳ,

299 4102 393 4171 ydros
404 4097 444 4153 ὅπι
455 4119 500 4168 μαι
512 4097 553 4151 καὶ
565 4098 675 4151 κτεάνων
686 4094 777 4166 φύλαξ
789 4093 856 4163 ἐμῶν

226 4333 238 4356 ·
258 4324 302 4380 ol.
318 4340 359 4395 13·
372 4341 427 4395 94..
512 4356 515 4361 -
576 4323 717 4392 ”Pytha
732 4336 792 4392 151.
947 4316 1078 4372 ⁰lbid.8.
1093 4327 1136 4387 79.
