2768 4876
391 324 579 385 MONITUM
599 329 651 384 ΠΕ
670 329 799 386 PERSIS
818 331 1005 386 AESCHYLI.
1159 327 1212 383 821

167 509 170 516 ·
210 473 280 526 “Ad
293 471 361 527 hane
376 476 550 545 quaestionem
566 483 635 528 recte
654 471 808 530 solvendam
824 477 940 529 multum
956 476 1086 545 pertinere
1102 475 1168 529 mihi
1179 476 1218 529 vi-

174 559 272 612 dentur
292 579 331 624 ea,
351 579 410 632 quae
429 563 550 631 plurimis
568 562 649 632 hujus
670 561 806 632 tragoediae
828 563 893 615 locis
913 569 990 631 poeta
1008 570 1100 614 contra
1118 579 1218 615 morem

167 663 256 700 >suum
267 648 332 701 lusit
344 649 373 701 in
385 648 528 702 verborum
540 658 566 703 et
579 645 706 702 sonorum
719 647 853 703 clausulis.
891 648 987 706 Qualia
999 656 1062 701 sunt
1073 648 1132 710 ista,

386 767 483 836 Ξέρξης
494 769 541 837 μὲν
552 772 656 839 ἤγαγεν,
668 770 757 830 ποποῖ,

387 854 485 923 Ξέρξης
497 853 520 906 δ’
531 854 674 916 ἀπώλεσεν,
688 856 767 915 τοτοῖ,

386 939 484 1008 Ξέρξης
496 939 524 992 δὲ
535 939 608 992 πάντ’
621 940 719 993 ἕπεσπε
732 939 887 1008 δυσφρόνως

384 1027 526 1096 βαρίδεσσι
538 1025 660 1080 ποντίαις.
838 1024 923 1093 (Pers.
936 1024 1010 1094 550.)

174 1147 283 1201 Nemini
300 1166 356 1201 non
373 1148 416 1202 hic
435 1150 463 1203 in
481 1159 598 1203 mentem
615 1149 717 1203 venerit
734 1148 810 1201 faceti
831 1147 901 1200 illius
922 1148 994 1216 apud
1012 1149 1218 1219 Aristophanem

172 1235 232 1314 loci,
244 1234 273 1286 in
286 1253 339 1304 quo
351 1235 525 1298 comicus‚4de
541 1237 612 1305 gallo
628 1235 772 1304 gallinaceo
788 1233 902 1287 naeniam
915 1220 1067 1297 contexens,
1080 1235 1218 1306 quodcun-

172 1339 225 1391 que
236 1321 422 1391 hujuscemodi
433 1323 514 1375 habet
527 1322 668 1392 Euripides
681 1336 746 1374 naso
759 1320 912 1390 suspendit:

385 1440 433 1493 ὁδ’
446 1440 563 1494 ἀνέπτατ’
577 1439 694 1494 ἀνέπτατ’
708 1440 734 1496 ἒς
746 1439 835 1511 α’ίθερα

384 1527 554 1596 κουφοτάταις
565 1525 698 1597 πτερύγων
710 1525 806 1596 ἀκμαῖς·

384 1612 439 1680 ἐμοὶ
452 1611 474 1665 δ’
488 1612 542 1683 ἄχε’
556 1612 620 1683 άχεα
633 1612 764 1675 κατέλιπε,

384 1698 480 1768 δάκρυα
493 1699 588 1770 δάκρυά
600 1698 621 1753 τ’
634 1698 677 1752 ἀπ’
691 1699 810 1767 ὀμμάτων

384 1785 479 1846 ἔβαλον
491 1785 588 1847 ἔβαλον
599 1785 615 1837 ά
627 1785 740 1853 τλάμων.
814 1783 893 1854 (Rau.
910 1783 1000 1853 1352.)

172 1911 290 1964 Plurima
302 1919 365 1964 sunt
377 1912 427 1964 alia
438 1912 467 1964 in
476 1911 618 1965 verborum
631 1911 735 1965 delectu
746 1921 772 1964 et
784 1920 921 1981 apparatu,
932 1912 966 1964 ad
975 1912 1120 1965 liberorum
1132 1913 1218 1966 homi·

170 2014 236 2049 num
260 1997 330 2050 risus
355 1997 510 2060 movendos,
529 1999 572 2052 vel
596 2007 665 2051 certe
689 2000 723 2052 ad
744 1998 883 2051 barbaram
905 1998 1078 2069 servilemque
1101 1999 1218 2053 indolem

172 2083 373 2137 monstrandam
385 2085 484 2153 optime
500 2084 706 2138 accommodata.
744 2083 880 2136 Laudatus
896 2092 945 2147 est,
958 2094 983 2137 et
995 2086 1089 2139 merito
1101 2086 1218 2156 quidem,

170 2185 187 2220 a
198 2177 224 2220 te
236 2169 319 2232 locus,
332 2169 360 2221 in
373 2188 427 2239 quo
440 2170 516 2223 Darii
528 2170 623 2223 umbra
635 2170 668 2224 ab
681 2170 772 2223 inferis
789 2188 835 2239 per
848 2169 969 2222 Chorum
981 2171 1118 2224 excitatur.
1149 2172 1218 2226 Vide

170 2263 267 2318 autem,
278 2273 368 2309 annon
379 2255 422 2309 hic
436 2274 541 2326 quoque
555 2256 696 2309 Persarum
707 2257 783 2327 regni
796 2256 929 2319 custodes,
943 2256 1013 2326 regis
1026 2257 1121 2311 Xerxis
1133 2260 1217 2313 vicem

170 2350 299 2410 gerentes,
311 2342 349 2395 ita
359 2360 392 2395 ex
404 2343 541 2411 proposito
554 2343 706 2413 loquantur,
716 2352 746 2396 ut
759 2344 966 2397 Atheniensibus
979 2362 1026 2414 per
1038 2362 1086 2398 sua
1098 2346 1217 2414 ipsorum

170 2427 251 2481 verba
261 2427 378 2481 ludibrio
391 2428 466 2481 fiant.

381 2546 395 2615 ἢ
407 2546 430 2618 ῥ’
444 2546 493 2602 αἵει
504 2570 554 2617 μου
565 2547 704 2618 μακαρίτας
716 2547 857 2618 ἰσοδαίμων
868 2549 995 2609 βασιλεὺς

379 2635 527 2704 βάρβαρα
545 2636 671 2704 wlff]

381 2721 481 2776 ἱέντος
499 2720 535 2773 τὰ
551 2719 692 2774 παναίολ’
711 2721 754 2774 oi-

380 2809 433 2873 ανῆ
451 2804 594 2875 δύσθροα
611 2807 772 2878 βάγματα;
833 2807 918 2876 (Pers.
931 2806 1005 2876 633.)

170 2931 285 2985 Pulchra
297 2941 369 2995 sunt,
378 2942 404 2986 et
413 2933 572 2987 verecundia
581 2935 667 3003 plena,
677 2951 737 3004 quae
746 2933 874 3003 posthaec
883 2933 1003 3003 proxime
1014 2941 1164 3003 sequuntur
1173 2952 1217 2986 z-

168 3037 222 3089 quo
238 3028 326 3073 tamen
345 3021 495 3074 animorum
514 3038 594 3074 sensu
612 3029 690 3090 putas
703 3021 772 3074 cives
790 3019 930 3074 liberrimae
942 3021 969 3072 in
985 3019 1088 3073 Graecia
1104 3021 1215 3074 civitatis

168 3106 251 3158 fuisse
267 3106 385 3168 affectos,
399 3123 483 3177 quum
500 3104 533 3158 de
545 3107 644 3158 mortui
657 3105 738 3176 Regis
750 3124 810 3159 vere
823 3106 946 3160 ‘Persico
959 3106 1095 3176 apparatu'
1110 3105 1215 3160 Chorus

169 3192 375 3246 venerabundus
388 3193 449 3245 talia
461 3192 633 3261 praecineret?

377 3295 432 3348 i'hff
446 3295 484 3348 ἐπ’
498 3296 576 3365 άκρον
590 3297 720 3365 κόρυμβον
731 3295 821 3365 ὄχθου,

380 3383 594 3450 κροκόβαπτον
611 3382 708 3437 ποδὸς
725 3385 855 3451 εὔμαριν
872 3382 972 3452 ἀείρων,

377 3464 515 3527 βασιλείου
527 3465 615 3533 τιάρας
626 3467 748 3538 φάλαρον
759 3465 924 3536 πιφαύσκων.
952 3466 990 3538 (ν.
1001 3467 1074 3538 658.)

167 3571 266 3624 Nonne
288 3572 410 3625 mollium
431 3573 478 3643 qui
500 3573 550 3627 sub
572 3575 711 3644 tyrannide
733 3587 796 3631 sunt
817 3595 933 3640 morum,
952 3596 1013 3631 curn
1034 3578 1152 3630 mascula
1171 3577 1216 3629 illa

164 3657 254 3710 indole
266 3676 326 3728 quae
338 3664 389 3712 τῶν
396 3660 545 3729 ,αὐτονομῶν
557 3670 605 3724 est,
619 3663 709 3715 statim
721 3663 749 3715 in
761 3672 878 3717 mentem
891 3664 990 3718 venerit
1003 3663 1182 3732 comparatio?

202 3759 359 3830 “Superest
371 3762 428 3831 jam
440 3781 526 3815 unum
538 3763 566 3815 in
577 3762 627 3816 hac
640 3781 721 3817 causa
732 3775 928 3836 argumentum,
942 3765 1014 3836 quod
1026 3765 1134 3817 minime
1146 3782 1214 3833 prae·

164 3846 274 3899 termitti
295 3848 383 3900 velim.
425 3848 458 3901 In
481 3848 637 3918 hujusmodi
658 3851 851 3920 quaestionibus
872 3852 915 3905 vix
938 3849 1084 3921 quidquam
1107 3849 1214 3919 majoris

165 3947 223 3983 esse
239 3934 368 3985 momenti
387 3935 462 3996 solet,
476 3952 557 4004 quam
573 3935 640 3988 bene
656 3946 793 4006 perspecta
810 3937 887 3989 metri
904 3945 930 3989 et
946 3953 1120 3989 numerorum
1137 3936 1213 3990 ratio.

165 4017 441 4071 Animadvertendum
466 4030 506 4073 est
527 4021 618 4090 igitur,
639 4039 685 4090 per
707 4031 790 4074 totam
811 4021 953 4075 Persarum
973 4020 1129 4091 tragoediam
1150 4039 1213 4074 ana·

164 4103 287 4172 paesticos
309 4105 465 4175 plerumque
487 4125 613 4160 numeros
634 4125 650 4160 a
670 4107 760 4161 Choro
779 4109 918 4178 usurpari3
945 4108 1041 4180 quibus
1063 4107 1130 4160 nihil
1150 4126 1213 4161 cum

164 4190 288 4243 carminis
308 4191 478 4261 triumphalis
500 4194 602 4247 ratione
622 4194 718 4247 melius
742 4211 888 4264 congruere
910 4195 1039 4265 potuisset
1045 4216 1054 4258 3
1082 4196 1212 4248 exsultare

163 4276 235 4329 enim
246 4276 370 4331 videntur
382 4279 434 4348 ipsi
447 4298 549 4343 versus,
562 4290 588 4333 et
605 4280 681 4350 quasi
696 4282 776 4350 pleno
792 4280 871 4334 corde
888 4282 917 4334 in
935 4282 1025 4335 omnia
1041 4283 1102 4336 laeta
1119 4300 1212 4336 excur-
