2768 4876
184 325 248 394 726
292 328 407 392 Idudsls
420 338 446 392 ct
458 329 605 392 AEaaidos
619 329 763 393 clausulae
777 339 1002 414 componuntur.
1014 353 1111 393 rann.
1124 353 1233 395 xxxvl.

184 501 229 570 ab
255 500 408 582 Achille,
433 500 590 570 Turnum
617 502 662 570 ab
684 501 796 570 AEnea
822 501 985 581 occisum,
1007 523 1161 590 quaeque
1187 503 1232 571 ad

183 625 373 707 utrumque
398 618 597 707 pertineant
616 639 678 685 seu
696 617 905 685 moriturum
929 617 1003 685 sive
1024 626 1230 698 mortuum;

182 732 311 801 sentiet
335 733 374 812 is,
392 733 507 811 credo,
529 755 599 800 non
626 733 838 812 admonitus,
857 732 941 821 quid
963 733 1058 800 inter
1080 730 1231 801 Iliadem

182 857 288 939 atque
305 849 490 917 AEneidem
510 848 658 916 intersit.
711 847 808 915 Nam
827 846 993 915 Hectoris
1010 849 1154 939 quidem
1179 849 1231 918 ita

181 986 244 1032 nos
264 964 418 1045 miseret,
437 973 477 1032 ut
496 960 648 1031 Achillis
670 970 791 1030 tamen
818 984 923 1031 manu
950 963 1130 1052 patiamur
1146 986 1227 1033 eum

181 1078 420 1161 succumbere,
440 1079 504 1147 viri
523 1077 658 1147 scilicet
675 1078 774 1147 fatali
791 1079 950 1168 potentia
967 1078 1118 1168 praediti,
1134 1079 1228 1149 Deo·

181 1219 249 1285 que
268 1196 456 1285 propioris:
478 1194 636 1262 Turnum
650 1202 839 1263 moerentes
852 1193 957 1262 modo
972 1195 1227 1285 prosequimur,

180 1311 323 1401 indigne
341 1308 507 1378 videlicet
528 1309 632 1377 abeo
651 1318 885 1399 peremptum,
904 1309 963 1399 qui
986 1308 1084 1378 nulla
1107 1311 1226 1379 admo

180 1424 263 1493 dum
282 1424 409 1493 indolis
427 1446 497 1493 suae
516 1424 594 1493 luce
612 1425 729 1515 potuit
748 1423 867 1493 oculos
893 1432 1029 1494 nostros
1047 1426 1226 1515 praestrin-

177 1562 272 1632 gere.
326 1539 407 1622 Quo
436 1539 471 1606 in
504 1537 592 1620 loco,
617 1547 657 1606 ut
687 1548 800 1619 antea,
829 1537 917 1606 illud
947 1541 1132 1621 succurrit,
1162 1541 1228 1609 irn-

177 1657 302 1725 mitem
320 1663 428 1747 atque
444 1663 600 1725 atrocem
619 1677 692 1724 rem
711 1654 983 1746 prudentissime
1000 1656 1045 1725 ab
1064 1655 1224 1726 Homero

177 1771 375 1861 temperari.
431 1769 527 1838 Nam
559 1770 696 1838 duobus
724 1770 821 1859 quasi
852 1769 989 1838 actibus
1023 1771 1226 1862 productio-

176 1908 250 1955 rem
269 1908 345 1955 esse
363 1886 475 1965 voluit
496 1885 663 1966 fabulam,
681 1908 786 1977 quam
813 1884 916 1954 facile
939 1886 1028 1955 ferat
1055 1895 1140 1956 nota
1165 1885 1226 1955 illa

176 1999 327 2069 formula
356 2000 583 2070 Aristotelis:
624 2024 774 2091 quorum
807 2000 898 2069 alter
931 2001 1038 2071 habet
1069 2001 1225 2072 Patrocli

175 2115 370 2206 exsequias,
388 2112 478 2182 alter
499 2113 631 2181 Priami
653 2121 690 2181 et
712 2111 864 2180 Achillis
891 2111 1129 2203 colloquium:
1155 2115 1222 2184 ita-

174 2251 244 2317 que
270 2251 315 2296 ex
346 2236 495 2318 utraque
522 2237 622 2318 parte
651 2226 782 2295 lenitur
811 2225 872 2295 illa
897 2226 1003 2296 effera
1023 2227 1076 2297 vis
1102 2228 1221 2309 animi,

174 2367 254 2412 eum
273 2354 310 2414 et
328 2344 429 2413 initio
443 2344 591 2412 saeviisse
609 2341 847 2435 intelligamus
865 2343 974 2412 nimia
989 2367 1074 2413 cura
1089 2344 1222 2413 mortui

173 2457 310 2539 sodalis,
329 2459 419 2527 etin
437 2458 711 2527 misericordiam
729 2456 884 2525 revocari
902 2477 1013 2546 posse,
1031 2464 1221 2548 postquam

173 2572 281 2640 semel
308 2574 391 2641 satis
417 2575 463 2641 sit
484 2573 559 2663 ejus
578 2571 747 2641 Manibus
769 2572 914 2640 factum.
966 2569 1072 2652 Quod
1099 2578 1220 2655 autem

173 2689 357 2757 consilium
383 2688 528 2757 laudant
547 2687 715 2767 Maronia,
734 2687 852 2755 Turno
864 2685 1029 2778 jugulato
1052 2708 1128 2754 rem
1147 2708 1221 2754 om-

172 2826 253 2872 nem
283 2805 446 2885 finientis,
474 2825 604 2884 vereor,
632 2826 677 2871 ne
709 2827 755 2878 ea
780 2825 834 2872 res
859 2801 980 2869 AEneae
1010 2824 1081 2870 non
1112 2824 1219 2892 parvo

171 2921 309 2988 steterit
334 2920 569 2988 incommodo.
623 2917 795 3011 Magnam
814 2917 885 2984 vim
907 2915 1015 2985 habet
1032 2916 1067 2983 in
1086 2926 1219 2986 utram-

170 3056 239 3124 que
253 3044 389 3125 partem
403 3035 513 3102 totius
528 3035 697 3125 cujusque
715 3032 866 3102 historiae
880 3030 1055 3113 clausula;
1069 3030 1218 3101 AEneam

170 3172 263 3231 vem,
282 3151 331 3218 sio
352 3173 372 3219 e
395 3158 585 3241 conspectu
603 3150 804 3229 abeuntem,
824 3149 884 3217 vix
906 3157 1011 3217 erunt
1031 3148 1090 3236 qui
1116 3147 1216 3217 bonis

168 3275 424 3357 prosequantur
441 3267 532 3334 votis
550 3274 587 3333 ct
605 3265 791 3334 ominibus.

219 3381 357 3452 Verum
375 3392 416 3451 ut
434 3406 475 3451 ea
492 3382 686 3462 mittamus,
705 3405 785 3472 quae
811 3381 949 3473 propria
974 3389 1056 3449 sunt
1074 3381 1213 3449 AEneae:

168 3521 282 3588 neque
300 3499 335 3566 in
354 3498 447 3566 illius
471 3519 585 3586 neque
603 3498 639 3565 in
657 3497 765 3565 Turni
782 3519 939 3588 persona,
959 3519 1074 3587 neque
1090 3497 1128 3565 in
1146 3496 1213 3566 alio

167 3616 290 3704 quovis
308 3637 439 3695 corum,
459 3613 518 3703 qui
542 3613 578 3680 in
604 3635 744 3681 scenam
770 3612 945 3704 prodeunt
965 3608 1210 3703 Virgilianam,

166 3730 253 3798 illud
273 3731 385 3810 video,
404 3730 496 3818 quod
515 3729 732 3820 praecipuum
756 3728 864 3797 habet
882 3726 1081 3796 Homerus:
1108 3751 1212 3797 even·

166 3855 224 3915 tus
242 3844 376 3915 scilicet
393 3867 433 3913 ac
452 3866 625 3913 summam
643 3844 811 3934 cujusque
829 3842 879 3910 rei
898 3841 987 3908 verti
1013 3842 1155 3931 penitus
1175 3841 1209 3908 in

166 3984 297 4040 eorum,
319 3959 378 4050 qui
405 3966 526 4051 agunt,
547 3957 703 4026 moribus
728 3966 766 4026 et
791 3955 930 4026 affectu.
984 3954 1133 4024 Nodum
1159 3957 1211 4047 ip·

165 4098 253 4156 sum,
272 4075 332 4164 qui
351 4082 504 4153 vocatur,
524 4071 643 4140 Iliadis
661 4079 821 4140 constare
844 4070 1006 4138 novimus
1024 4067 1100 4138 sola
1116 4069 1209 4160 prin·

164 4190 281 4279 cipum
302 4188 453 4255 virorum
472 4187 541 4255 ira:
569 4187 685 4255 neseio
703 4194 833 4265 autern,
852 4207 897 4252 an
918 4182 1052 4252 nullam
1071 4192 1206 4275 partem

163 4306 330 4375 AEneidos
348 4305 553 4373 mutandam
572 4303 645 4371 fore
659 4302 819 4384 dixerim,
831 4309 969 4368 mutata
981 4298 1142 4369 Heroum
1160 4299 1207 4369 ibi
