2768 4876
162 348 252 392 rann.
265 348 362 393 xxrx.
407 330 462 392 Aa
476 337 553 393 recto
566 327 698 405 dicatur,
706 329 857 412 foeminas
870 349 934 391 orm
949 327 1053 392 odz'asa
1148 325 1209 391 601

338 502 457 570 στολμόν
466 521 496 554 τε
507 500 609 570 χρωτὸς
620 499 694 554 τόνδε
705 498 830 554 ποικίλον
841 497 950 553 πέπλον

340 585 373 639 οὐ
383 590 434 640 τῶν
444 585 600 656 Ἀχιλλέως,
612 586 671 640 οὐδὲ
683 584 791 654 Πηλέος
802 584 854 639 ἀπὸ

340 671 426 742 δόμον
437 671 564 743 ἀπαρχάς,
577 670 645 742 δεῦρ’
657 670 748 742 ἔχουσ’
760 671 900 742 ἀφικόμην,

340 757 401 812 ἄλλ’
413 758 443 812 ἐκ
454 759 579 828 Λακαίνης
590 757 775 830 &raptoribus
784 757 880 829 χθονὸς

341 845 475 901 Μενέλαος
485 845 547 916 ἡμῖν
557 848 637 900 τοῦτο
649 845 766 915 δωρεῖται
777 844 862 914 πατὴρ

327 934 451 988 ’πολλοῖς
463 933 512 987 σὺν
524 931 615 996 ἕδνοις,
627 931 689 986 ὥστ’
702 931 941 1002 ε’λευθεροστομεῖν.

166 1061 304 1134 Verum
323 1071 361 1131 et
377 1061 472 1133 illius
492 1063 610 1134 subita
634 1063 853 1155 poenitentia,
874 1085 955 1133 oum
982 1086 1111 1155 magna
1134 1086 1215 1155 pars

166 1177 209 1246 sit
226 1177 304 1269 ejus
321 1177 459 1259 fabulae,
478 1201 549 1247 non
568 1186 664 1248 caret
682 1200 745 1247 sua
763 1179 806 1260 vi,
825 1178 941 1248 fontes
966 1178 1216 1273 indagantibus

167 1289 369 1385 Euripideae
399 1317 554 1386 poeseos.
607 1294 713 1378 Quod
740 1294 836 1363 idem
867 1295 975 1363 etiam
998 1294 1067 1363 dici
1096 1304 1214 1387 potest

166 1407 208 1478 de
224 1409 377 1500 geminis
396 1410 434 1478 iu
452 1408 639 1503 Iphigenia
658 1409 844 1479 Aulidensi
863 1407 1010 1490 Atridis,
1028 1418 1066 1479 et
1083 1411 1111 1480 si
1129 1412 1213 1502 quid

167 1521 261 1592 alind
288 1524 461 1615 ejusmodi
487 1525 596 1595 habet
622 1526 780 1617 scriptor.
834 1524 1026 1618 Complura
1043 1526 1216 1618 significa-
1267 1599 1269 1604 ,

167 1638 302 1709 tionem
319 1640 454 1710 habent
469 1640 617 1709 minime
631 1639 785 1721 dubiam,
797 1641 924 1709 versari
939 1662 1020 1709 eum
1037 1639 1215 1710 volentem

167 1754 360 1824 inmodico
386 1756 468 1824 vitae
490 1755 674 1837 curriculo,
692 1764 800 1845 atque
825 1757 862 1824 in
888 1755 930 1825 iis
955 1754 1070 1838 rebus,
1089 1757 1217 1847 quibus

167 1869 325 1939 maxima
354 1892 435 1961 pars
463 1868 648 1940 hominum
679 1872 858 1963 tangitur:
892 1870 1037 1962 privatis
1067 1871 1145 1941 dico
1175 1895 1217 1942 ac

168 1984 380 2055 domesticis.
438 1984 561 2056 Unum
591 1984 692 2054 illum
727 1984 844 2059 locum
875 1985 1021 2056 fortasse
1051 1987 1216 2078 excipias,

168 2102 226 2192 qui
254 2101 300 2170 ad
327 2100 515 2194 religiones
544 2102 723 2192 pertinet3
757 2124 827 2191 quo
856 2101 893 2169 in
923 2124 1052 2194 genere
1080 2101 1216 2193 ecquod

167 2214 297 2287 habeat
327 2218 506 2308 privatum
537 2225 575 2286 et
604 2217 819 2308 praecipuum
846 2215 1041 2308 Euripides,
1072 2241 1134 2310 pro
1166 2220 1217 2287 vi-

167 2333 263 2402 ribus
298 2334 494 2426 expediam,
530 2356 610 2402 oum
649 2355 761 2424 pauca
799 2334 895 2424 prius
934 2333 1110 2413 addidero,
1146 2335 1217 2405 huc

168 2450 374 2540 spectantia,
402 2457 445 2518 ut
476 2471 559 2518 eum
593 2450 759 2518 evincant
791 2472 862 2519 non
896 2448 984 2519 adeo
1019 2450 1138 2541 inique
1172 2452 1218 2522 de

167 2587 298 2658 genere
323 2565 490 2634 foemineo
517 2565 703 2659 cogitasse.
756 2564 853 2635 Nam
879 2588 924 2635 ex
951 2589 993 2635 ea
1018 2575 1117 2659 parte
1141 2568 1219 2658 qui-

169 2681 250 2751 dam
267 2681 473 2752 invidiosius
491 2703 574 2750 eum
592 2682 832 2751 criminantur.

216 2795 339 2866 Primo
355 2804 490 2878 autem,
502 2796 580 2887 quis
597 2819 668 2865 non
685 2796 845 2878 miretur,
864 2797 923 2887 qui
942 2804 1047 2888 poeta
1064 2798 1219 2890 viguerit

169 2911 392 3007 potissimum
421 2913 458 2980 in
485 2935 523 2981 re
550 2912 751 2994 domestica,
773 2920 880 3004 atque
909 2914 946 2981 in
972 2913 1219 2984 communibus

170 3026 307 3110 studiis,
332 3026 504 3118 curisque,
531 3027 682 3097 eundem
713 3028 855 3119 penitus
885 3028 999 3098 odisse
1031 3027 1067 3096 id
1095 3051 1218 3121 genus,

170 3164 215 3212 ex
233 3164 304 3233 quo
322 3144 478 3212 maxime
502 3143 656 3235 pendeat
675 3144 789 3212 omnis
810 3143 871 3211 illa
887 3143 1043 3214 conditio
1067 3153 1104 3213 et
1129 3146 1219 3214 ratio

170 3257 336 3328 vivendi?
373 3257 524 3340 Deinde,
539 3258 599 3351 qui
616 3258 712 3327 illam
731 3258 885 3328 didicere
902 3259 1124 3340 cantilenam,
1139 3261 1220 3331 volo

170 3370 290 3463 paullo
306 3372 449 3464 propius
466 3374 574 3465 ipsius
585 3371 786 3465 Tragoedias
803 3373 999 3463 inspiciant,
1013 3373 1122 3443 immo
1136 3398 1218 3443 cum

170 3486 378 3579 Sophocleis
407 3490 601 3558 conferant.
655 3488 704 3558 Et
730 3511 799 3579 quo
826 3489 992 3558 certiores
1018 3489 1110 3559 intra
1132 3490 1221 3560 fines

170 3603 395 3673 contineatur
425 3607 548 3688 oratio,
578 3607 747 3682 iaciamus
777 3604 973 3696 periculum
1001 3606 1037 3673 in
1068 3629 1110 3675 ea
1140 3629 1218 3698 per-

171 3741 268 3804 sona,
285 3743 355 3811 qua
371 3720 574 3813 plenissime
594 3722 720 3813 probat
738 3720 931 3812 Sophocles
955 3743 1001 3788 ex
1026 3720 1092 3789 hac
1118 3729 1218 3812 parte

172 3856 313 3904 causam
344 3859 454 3906 suam.
507 3837 761 3929 comparemus
786 3835 1004 3929 Antigonam
1035 3838 1110 3926 ejus
1137 3859 1219 3906 cum

171 3948 296 4019 eadem
319 3948 513 4045 Antigona,
537 3951 679 4043 qualem
705 3953 741 4020 in
767 3951 957 4020 Phoenissis
983 3953 1053 4020 suis
1079 3950 1219 4021 induxit

172 4063 370 4157 Euripides.
409 4064 576 4136 Percellit
594 4065 655 4136 ille
673 4065 816 4156 quidem
837 4063 1078 4133 vehementius
1095 4064 1221 4133 robore

171 4188 208 4250 et
229 4181 474 4274 magnitudine
497 4182 626 4265 animi;
653 4189 690 4250 at
715 4181 856 4251 suavius
881 4180 996 4249 multo
1019 4189 1220 4249 commovet

170 4291 254 4375 haea
273 4292 512 4366 dulcissimam
536 4294 633 4365 illam
657 4297 774 4366 fratris
800 4297 983 4366 caritatem
1010 4298 1061 4366 ita
1085 4319 1156 4388 prae
1181 4318 1220 4364 se
