2768 4876
174 335 260 377 rann.
270 335 379 377 xxxvr.
400 315 548 399 Propriis
555 335 757 398 motorum
771 314 848 378 uotis
862 313 1122 378 carcornutus.
1153 316 1217 380 727
1320 308 1325 318 ’

174 485 382 553 versantium
401 482 532 551 indole.
590 479 697 573 Apud
722 480 825 550 illum
851 504 922 550 nou
941 484 1093 552 universi
1110 485 1216 552 modo

174 598 266 681 belli,
282 620 403 667 verum
422 599 530 666 etiam
548 596 776 690 singulorum,
795 620 893 688 paene
911 598 1038 679 dicam,
1056 600 1218 667 certami-

174 737 257 783 num
276 714 393 783 cxitus
407 712 554 782 mirifice
572 711 752 781 declarant
769 712 961 802 praeliantis
979 713 1149 803 cujusque
1166 714 1218 782 in-

173 831 330 921 genium;
349 839 424 898 tam
437 851 559 897 eornm
574 829 634 919 qui
648 828 818 897 secundas
832 828 1143 919 tertiasque‚quam
1156 831 1216 921 qui

174 946 302 1035 primas
314 954 425 1036 agunt
437 952 565 1034 partes.
587 928 769 1034 Virgilius,
782 965 853 1010 non
866 943 960 1011 enim
972 943 1119 1034 negabo,
1127 943 1218 1013 mul-

173 1068 208 1129 ta
225 1069 305 1128 tum
326 1068 495 1128 artetum
515 1057 697 1151 diligentia
715 1059 860 1126 variavit
877 1081 976 1127 casus
1000 1069 1037 1128 et
1062 1059 1219 1149 pericula

172 1195 335 1243 suorum:
362 1176 412 1244 ita
438 1187 566 1254 tamen,
585 1183 626 1242 ut
649 1183 711 1243 aut
737 1173 897 1242 reficeret
923 1174 1067 1255 animos,
1095 1175 1218 1267 imagi-

172 1289 275 1358 nibus
292 1313 312 1358 e
329 1289 570 1380 tranquilliore
588 1291 660 1358 vita
678 1291 904 1381 depromptis,
922 1297 985 1359 aut
1010 1291 1214 1359 miserorum

172 1403 374 1473 mortalium
400 1403 538 1496 lugeret
564 1405 741 1474 fortunas:
768 1405 935 1495 ipsorum,
955 1405 1014 1495 qui
1036 1406 1216 1487 dimicant,

172 1522 327 1609 personis
345 1520 401 1589 vel
423 1522 594 1589 minorem
620 1521 932 1610 impendit'euram
951 1519 1006 1589 vel
1024 1530 1120 1590 certe
1146 1545 1217 1591 non

172 1637 259 1705 adeo
277 1636 438 1718 felicem3
461 1660 571 1705 unum
591 1637 695 1705 modo
713 1635 935 1726 alterumque
950 1637 1114 1727 excipias.

226 1751 433 1821 Proximum
464 1761 529 1834 est,
560 1760 600 1820 ut
629 1750 717 1821 illud
748 1774 961 1843 quaeramus:
1001 1774 1150 1843 ecquem
1180 1753 1217 1822 in

171 1868 332 1951 AEneide,
353 1877 478 1959 praeter
503 1889 614 1936 unum
640 1867 786 1936 fortasse
803 1865 972 1946 Turnum,
990 1889 1071 1935 oum
1098 1889 1217 1936 amore

173 1983 281 2051 tacito
314 1983 488 2052 recordari
518 1981 632 2052 solent
666 1981 835 2061 homines,
862 1991 899 2050 et
927 1981 1023 2049 intus
1049 1980 1218 2070 quodam-

170 2097 277 2167 modo
302 2099 396 2188 apud
423 2121 460 2167 se
486 2098 637 2167 formare
663 2097 877 2188 attingere:
909 2119 1031 2186 ecquae
1057 2096 1139 2191 inde
1165 2096 1217 2164 di·

170 2222 358 2282 manarunt
393 2215 490 2304 qnasi
523 2213 707 2282 hominum
742 2212 923 2304 imagines,
959 2235 1039 2302 quae
1073 2220 1216 2302 possent

169 2327 308 2397 assidue
326 2329 444 2397 venire
465 2328 566 2397 nobis
582 2329 619 2396 in
636 2335 806 2408 mentem,
823 2328 988 2396 exercitis
1008 2349 1069 2395 usu
1088 2349 1214 2409 rerum,

171 2443 322 2534 vitaeque
352 2444 628 2512 consuetudine:
671 2465 752 2511 cum
782 2442 818 2509 in
849 2440 961 2510 Iliade
993 2450 1030 2509 et
1059 2441 1216 2533 Odyssea

170 2559 414 2650 exprimantur
438 2580 501 2627 sua
521 2559 668 2649 quisque
689 2556 814 2649 effigie,
841 2579 912 2624 non
937 2556 1043 2624 modo
1062 2564 1081 2593 ‘⁴
1093 2558 1216 2625 duoto-

170 2692 225 2739 res
252 2669 415 2739 Danaum
438 2669 577 2751 delecti,
603 2671 716 2761 prima
738 2669 921 2747 virornm‚'’
939 2669 999 2737 sed
1024 2667 1215 2738 Cebriones

170 2787 277 2855 etiarn
303 2787 416 2878 quivis
446 2794 484 2854 et
509 2784 740 2854 Automedon
769 2795 806 2854 et
830 2783 1011 2876 Euryclea,
1041 2783 1215 2874 multique

170 2900 239 2982 alii,
257 2902 319 2992 qui
336 2901 540 2970 brevissimo
566 2909 726 2991 tempore
752 2900 956 2968 muneribus
984 2898 1087 2990 plane
1114 2899 1216 2967 mini-

169 3016 236 3084 mis
253 3017 458 3108 funguntur.

221 3129 351 3221 Neque
368 3153 451 3200 vero
470 3150 526 3196 me
544 3131 612 3197 ista
630 3110 853 3218 judicantem
870 3127 995 3221 effugit
1013 3126 1155 3219 Euryali
1173 3151 1214 3197 ac

171 3244 252 3313 Nisi
278 3247 457 3326 memoria,
484 3267 599 3335 neque
617 3242 787 3313 Pallantis
808 3254 845 3313 et
867 3244 1031 3323 Evandri,
1058 3266 1123 3312 neo
1150 3245 1215 3311 rni-

169 3362 321 3429 serrimae
349 3362 507 3430 omnium
532 3360 702 3441 Didonis;
730 3382 796 3429 nec
826 3361 939 3451 siquid
965 3359 1079 3428 simile
1104 3359 1214 3429 habet

168 3484 338 3567 praterea
355 3475 538 3569 Virgilius.
590 3475 650 3544 Sic
676 3484 796 3543 autem
824 3475 935 3545 ferme
965 3483 1103 3544 statuo:
1131 3473 1215 3544 Vir-

166 3592 316 3686 gilianos
339 3593 499 3662 homines
522 3616 593 3661 non
619 3601 692 3661 tam
719 3593 773 3662 sui
796 3613 909 3671 eausa,
928 3613 1034 3680 quarn
1057 3590 1214 3659 fortuna·

166 3731 246 3776 rum
272 3729 424 3787 suarum,
442 3708 575 3799 erigere
601 3705 809 3796 plerumque
833 3712 870 3772 et
893 3724 1115 3772 commovere
1140 3702 1214 3770 ani·

167 3845 266 3904 mos;
303 3830 345 3891 ut
375 3821 434 3912 qui
469 3820 612 3890 modulo
643 3843 685 3888 eo
715 3818 912 3911 exigantur,
943 3818 1003 3907 qui
1037 3817 1212 3907 pertineat

165 3938 278 4030 magis
295 3938 338 4007 ad
357 3959 534 4006 summum
552 3937 720 4026 cujusque
738 3934 846 4024 (quod
865 3940 992 4001 vocant
1009 3929 1211 4015 Dialectici)

164 4076 296 4146 genus:
325 4051 534 4122 Homericos
556 4061 678 4121 contra
700 4049 917 4141 paucissimis
934 4047 1077 4139 quidem
1100 4044 1210 4127 lineis,

161 4171 214 4251 ita
239 4179 359 4240 tamen
385 4168 594 4251 adumbrari,
612 4176 653 4237 ut
673 4166 802 4236 habeat
828 4164 1066 4256 unusquisque
1093 4163 1211 4254 singu-
