<?xml version="1.0" encoding="UTF-8"?>
<!DOCTYPE html PUBLIC "-//W3C//DTD XHTML 1.0 Transitional//EN"
    "http://www.w3.org/TR/xhtml1/DTD/xhtml1-transitional.dtd">
<html xmlns="http://www.w3.org/1999/xhtml" xml:lang="en" lang="en">
 <head>
  <title>
</title>
<meta http-equiv="Content-Type" content="text/html;charset=utf-8" />
  <meta name='ocr-system' content='tesseract 3.04.00' />
  <meta name='ocr-capabilities' content='ocr_page ocr_carea ocr_par ocr_line ocrx_word'/>
</head>
<body>
  <div class='ocr_page' id='page_1' title='image "./depoeticaevimed00keblgoog_0413.png"; bbox 0 0 2768 4876; ppageno 0'>
   <div class='ocr_carea' id='block_1_1' title="bbox 169 330 1209 416">
    <p class='ocr_par' dir='ltr' id='par_1_1' title="bbox 169 330 1209 416">
     <span class='ocr_line' id='line_1_1' title="bbox 169 330 1209 416; baseline 0 -20"><span class='ocrx_word' id='word_1_1' title='bbox 169 330 233 396; x_wconf 81' lang='grc'>788</span> <span class='ocrx_word' id='word_1_2' title='bbox 281 330 437 395; x_wconf 79' lang='lat' dir='ltr'>Ominibus</span> <span class='ocrx_word' id='word_1_3' title='bbox 444 332 605 416; x_wconf 59' lang='lat' dir='ltr'>pretenta</span> <span class='ocrx_word' id='word_1_4' title='bbox 620 332 765 416; x_wconf 71' lang='lat' dir='ltr'><strong><em>respicere</em></strong></span> <span class='ocrx_word' id='word_1_5' title='bbox 780 331 965 416; x_wconf 70' lang='lat' dir='ltr'>Virgilium.-</span> <span class='ocrx_word' id='word_1_6' title='bbox 992 355 1088 396; x_wconf 76' lang='lat' dir='ltr'>rann.</span> <span class='ocrx_word' id='word_1_7' title='bbox 1099 356 1209 397; x_wconf 78' lang='lat' dir='ltr'>xxxix.</span> 
     </span>
    </p>
   </div>
   <div class='ocr_carea' id='block_1_2' title="bbox 165 503 1217 4402">
    <p class='ocr_par' dir='ltr' id='par_1_2' title="bbox 165 503 1213 1382">
     <span class='ocr_line' id='line_1_2' title="bbox 216 503 1212 596; baseline 0.003 -24"><span class='ocrx_word' id='word_1_8' title='bbox 216 503 344 596; x_wconf 89' lang='lat' dir='ltr'>Itaque</span> <span class='ocrx_word' id='word_1_9' title='bbox 366 505 432 575; x_wconf 90' lang='lat' dir='ltr'>etsi</span> <span class='ocrx_word' id='word_1_10' title='bbox 451 504 579 574; x_wconf 87' lang='lat' dir='ltr'>versari</span> <span class='ocrx_word' id='word_1_11' title='bbox 597 505 759 573; x_wconf 89' lang='lat' dir='ltr'>videatur</span> <span class='ocrx_word' id='word_1_12' title='bbox 776 506 989 575; x_wconf 88' lang='lat' dir='ltr'>&#39;universum</span> <span class='ocrx_word' id='word_1_13' title='bbox 1010 529 1155 576; x_wconf 90' lang='lat' dir='ltr'>carmen</span> <span class='ocrx_word' id='word_1_14' title='bbox 1176 506 1212 575; x_wconf 92' lang='lat' dir='ltr'>in</span> 
     </span>
     <span class='ocr_line' id='line_1_3' title="bbox 166 617 1213 712; baseline 0 -24"><span class='ocrx_word' id='word_1_15' title='bbox 166 641 227 709; x_wconf 88' lang='lat' dir='ltr'>spe</span> <span class='ocrx_word' id='word_1_16' title='bbox 250 619 371 703; x_wconf 86' lang='lat' dir='ltr'>futuri,</span> <span class='ocrx_word' id='word_1_17' title='bbox 389 621 472 712; x_wconf 90' lang='lat' dir='ltr'>poni</span> <span class='ocrx_word' id='word_1_18' title='bbox 498 617 619 689; x_wconf 86' lang='lat' dir='ltr'>tamen</span> <span class='ocrx_word' id='word_1_19' title='bbox 645 620 788 690; x_wconf 81' lang='lat' dir='ltr'>cernitis</span> <span class='ocrx_word' id='word_1_20' title='bbox 813 621 1025 712; x_wconf 89' lang='lat' dir='ltr'>praecipuam</span> <span class='ocrx_word' id='word_1_21' title='bbox 1044 621 1122 711; x_wconf 88' lang='lat' dir='ltr'>ejus</span> <span class='ocrx_word' id='word_1_22' title='bbox 1139 619 1213 690; x_wconf 90' lang='lat' dir='ltr'>dul·</span> 
     </span>
     <span class='ocr_line' id='line_1_4' title="bbox 166 735 1211 827; baseline 0.002 -24"><span class='ocrx_word' id='word_1_23' title='bbox 166 735 326 803; x_wconf 88' lang='lat' dir='ltr'>cedinem</span> <span class='ocrx_word' id='word_1_24' title='bbox 352 736 389 803; x_wconf 92' lang='lat' dir='ltr'>in</span> <span class='ocrx_word' id='word_1_25' title='bbox 415 736 604 805; x_wconf 85' lang='lat' dir='ltr'>tenerrimo</span> <span class='ocrx_word' id='word_1_26' title='bbox 633 736 859 827; x_wconf 89' lang='lat' dir='ltr'>pristinarum</span> <span class='ocrx_word' id='word_1_27' title='bbox 885 759 1003 805; x_wconf 88' lang='lat' dir='ltr'>rerum</span> <span class='ocrx_word' id='word_1_28' title='bbox 1028 737 1211 806; x_wconf 89' lang='lat' dir='ltr'>desiderio.</span> 
     </span>
     <span class='ocr_line' id='line_1_5' title="bbox 167 849 1213 943; baseline 0.001 -24"><span class='ocrx_word' id='word_1_29' title='bbox 167 849 296 933; x_wconf 80' lang='lat' dir='ltr'><strong><em>Taceo,</em></strong></span> <span class='ocrx_word' id='word_1_30' title='bbox 314 850 342 920; x_wconf 91' lang='lat' dir='ltr'>si</span> <span class='ocrx_word' id='word_1_31' title='bbox 360 852 442 943; x_wconf 94' lang='lat' dir='ltr'>quid</span> <span class='ocrx_word' id='word_1_32' title='bbox 461 851 613 920; x_wconf 91' lang='lat' dir='ltr'>divinius</span> <span class='ocrx_word' id='word_1_33' title='bbox 633 875 673 921; x_wconf 91' lang='lat' dir='ltr'>ac</span> <span class='ocrx_word' id='word_1_34' title='bbox 692 853 846 922; x_wconf 92' lang='lat' dir='ltr'>sanctius</span> <span class='ocrx_word' id='word_1_35' title='bbox 865 851 972 943; x_wconf 89' lang='lat' dir='ltr'>(quod</span> <span class='ocrx_word' id='word_1_36' title='bbox 992 853 1100 922; x_wconf 88' lang='lat' dir='ltr'>credo</span> <span class='ocrx_word' id='word_1_37' title='bbox 1117 854 1213 943; x_wconf 91' lang='lat' dir='ltr'>equi-</span> 
     </span>
     <span class='ocr_line' id='line_1_6' title="bbox 165 966 1211 1059; baseline 0.001 -24"><span class='ocrx_word' id='word_1_38' title='bbox 165 966 262 1057; x_wconf 81' lang='lat' dir='ltr'>dem)</span> <span class='ocrx_word' id='word_1_39' title='bbox 280 966 439 1036; x_wconf 87' lang='lat' dir='ltr'>adhaeret</span> <span class='ocrx_word' id='word_1_40' title='bbox 455 967 532 1036; x_wconf 88' lang='lat' dir='ltr'>istis</span> <span class='ocrx_word' id='word_1_41' title='bbox 549 967 722 1059; x_wconf 87' lang='lat' dir='ltr'>auguriis:</span> <span class='ocrx_word' id='word_1_42' title='bbox 749 968 849 1059; x_wconf 90' lang='lat' dir='ltr'>cujus</span> <span class='ocrx_word' id='word_1_43' title='bbox 867 990 909 1037; x_wconf 89' lang='lat' dir='ltr'>ea</span> <span class='ocrx_word' id='word_1_44' title='bbox 926 977 1023 1038; x_wconf 88' lang='lat' dir='ltr'>certe</span> <span class='ocrx_word' id='word_1_45' title='bbox 1042 969 1095 1038; x_wconf 90' lang='lat' dir='ltr'>vis</span> <span class='ocrx_word' id='word_1_46' title='bbox 1112 967 1211 1047; x_wconf 86' lang='lat' dir='ltr'>foret,</span> 
     </span>
     <span class='ocr_line' id='line_1_7' title="bbox 165 1082 1213 1174; baseline 0 -24"><span class='ocrx_word' id='word_1_47' title='bbox 165 1089 206 1150; x_wconf 91' lang='lat' dir='ltr'>ut</span> <span class='ocrx_word' id='word_1_48' title='bbox 224 1082 372 1152; x_wconf 90' lang='lat' dir='ltr'>obscuro</span> <span class='ocrx_word' id='word_1_49' title='bbox 389 1083 539 1173; x_wconf 90' lang='lat' dir='ltr'>quodam</span> <span class='ocrx_word' id='word_1_50' title='bbox 567 1083 787 1174; x_wconf 79' lang='lat' dir='ltr'>antiquitatis</span> <span class='ocrx_word' id='word_1_51' title='bbox 808 1105 931 1174; x_wconf 89' lang='lat' dir='ltr'>sapore</span> <span class='ocrx_word' id='word_1_52' title='bbox 948 1083 1213 1153; x_wconf 81' lang='lat' dir='ltr'>commendaret</span> 
     </span>
     <span class='ocr_line' id='line_1_8' title="bbox 165 1195 1210 1288; baseline -0.001 -25"><span class='ocrx_word' id='word_1_53' title='bbox 165 1217 241 1264; x_wconf 90' lang='lat' dir='ltr'>sese</span> <span class='ocrx_word' id='word_1_54' title='bbox 267 1197 399 1264; x_wconf 88' lang='lat' dir='ltr'>vetusti</span> <span class='ocrx_word' id='word_1_55' title='bbox 425 1198 593 1288; x_wconf 89' lang='lat' dir='ltr'>temporis</span> <span class='ocrx_word' id='word_1_56' title='bbox 616 1197 774 1277; x_wconf 87' lang='lat' dir='ltr'>amatori,</span> <span class='ocrx_word' id='word_1_57' title='bbox 792 1196 951 1287; x_wconf 92' lang='lat' dir='ltr'>quamvis</span> <span class='ocrx_word' id='word_1_58' title='bbox 979 1195 1210 1266; x_wconf 86' lang='lat' dir='ltr'>Hebraeorum</span> 
     </span>
     <span class='ocr_line' id='line_1_9' title="bbox 165 1311 502 1382; baseline 0.006 -3"><span class='ocrx_word' id='word_1_59' title='bbox 165 1311 307 1380; x_wconf 88' lang='lat' dir='ltr'>oracula</span> <span class='ocrx_word' id='word_1_60' title='bbox 322 1312 502 1382; x_wconf 80' lang='lat' dir='ltr'>nescienti.</span> 
     </span>
    </p>

    <p class='ocr_par' dir='ltr' id='par_1_3' title="bbox 165 1423 1215 2999">
     <span class='ocr_line' id='line_1_10' title="bbox 216 1423 1213 1520; baseline -0.002 -24"><span class='ocrx_word' id='word_1_61' title='bbox 216 1425 356 1498; x_wconf 84' lang='lat' dir='ltr'>Deinde</span> <span class='ocrx_word' id='word_1_62' title='bbox 373 1428 467 1520; x_wconf 92' lang='lat' dir='ltr'>quod</span> <span class='ocrx_word' id='word_1_63' title='bbox 485 1428 660 1497; x_wconf 87' lang='lat' dir='ltr'>ominibus</span> <span class='ocrx_word' id='word_1_64' title='bbox 678 1435 715 1496; x_wconf 91' lang='lat' dir='ltr'>et</span> <span class='ocrx_word' id='word_1_65' title='bbox 733 1428 905 1497; x_wconf 90' lang='lat' dir='ltr'>vaticiniis</span> <span class='ocrx_word' id='word_1_66' title='bbox 931 1425 1081 1496; x_wconf 88' lang='lat' dir='ltr'>mirifice</span> <span class='ocrx_word' id='word_1_67' title='bbox 1099 1423 1213 1494; x_wconf 89' lang='lat' dir='ltr'>deleo-</span> 
     </span>
     <span class='ocr_line' id='line_1_11' title="bbox 165 1537 1213 1635; baseline -0.003 -26"><span class='ocrx_word' id='word_1_68' title='bbox 165 1541 232 1609; x_wconf 89' lang='lat' dir='ltr'>tari</span> <span class='ocrx_word' id='word_1_69' title='bbox 258 1541 358 1611; x_wconf 92' lang='lat' dir='ltr'>aiunt</span> <span class='ocrx_word' id='word_1_70' title='bbox 369 1541 571 1635; x_wconf 83' lang='lat' dir='ltr'>Virgilium,</span> <span class='ocrx_word' id='word_1_71' title='bbox 589 1541 877 1611; x_wconf 84' lang='lat' dir='ltr'>animadvertatis</span> <span class='ocrx_word' id='word_1_72' title='bbox 894 1538 1012 1619; x_wconf 90' lang='lat' dir='ltr'>velim,</span> <span class='ocrx_word' id='word_1_73' title='bbox 1031 1561 1102 1629; x_wconf 92' lang='lat' dir='ltr'>quo</span> <span class='ocrx_word' id='word_1_74' title='bbox 1126 1537 1213 1607; x_wconf 84' lang='lat' dir='ltr'>refe·</span> 
     </span>
     <span class='ocr_line' id='line_1_12' title="bbox 165 1653 1213 1748; baseline -0.003 -24"><span class='ocrx_word' id='word_1_75' title='bbox 165 1664 263 1725; x_wconf 88' lang='lat' dir='ltr'>ratur</span> <span class='ocrx_word' id='word_1_76' title='bbox 279 1658 373 1748; x_wconf 93' lang='lat' dir='ltr'>apud</span> <span class='ocrx_word' id='word_1_77' title='bbox 391 1680 472 1727; x_wconf 89' lang='lat' dir='ltr'>eum</span> <span class='ocrx_word' id='word_1_78' title='bbox 491 1679 596 1726; x_wconf 89' lang='lat' dir='ltr'>omne</span> <span class='ocrx_word' id='word_1_79' title='bbox 613 1657 649 1725; x_wconf 92' lang='lat' dir='ltr'>id</span> <span class='ocrx_word' id='word_1_80' title='bbox 670 1679 791 1748; x_wconf 88' lang='lat' dir='ltr'>genus.</span> <span class='ocrx_word' id='word_1_81' title='bbox 845 1655 948 1724; x_wconf 89' lang='lat' dir='ltr'>Nihil</span> <span class='ocrx_word' id='word_1_82' title='bbox 970 1653 1068 1724; x_wconf 92' lang='lat' dir='ltr'>aliud</span> <span class='ocrx_word' id='word_1_83' title='bbox 1091 1653 1213 1746; x_wconf 86' lang='lat' dir='ltr'>praedi-</span> 
     </span>
     <span class='ocr_line' id='line_1_13' title="bbox 165 1769 1213 1864; baseline -0.001 -25"><span class='ocrx_word' id='word_1_84' title='bbox 165 1780 252 1840; x_wconf 91' lang='lat' dir='ltr'>cunt</span> <span class='ocrx_word' id='word_1_85' title='bbox 275 1771 441 1842; x_wconf 88' lang='lat' dir='ltr'>videlicet</span> <span class='ocrx_word' id='word_1_86' title='bbox 461 1771 647 1854; x_wconf 77' lang='lat' dir='ltr'>Anchises,</span> <span class='ocrx_word' id='word_1_87' title='bbox 666 1770 810 1864; x_wconf 83' lang='lat' dir='ltr'>Sibylla,</span> <span class='ocrx_word' id='word_1_88' title='bbox 835 1771 964 1854; x_wconf 83' lang='lat' dir='ltr'>caeteri,</span> <span class='ocrx_word' id='word_1_89' title='bbox 983 1793 1090 1860; x_wconf 92' lang='lat' dir='ltr'>quam</span> <span class='ocrx_word' id='word_1_90' title='bbox 1112 1780 1132 1809; x_wconf 80' lang='lat'>‘⁶</span> <span class='ocrx_word' id='word_1_91' title='bbox 1144 1769 1213 1838; x_wconf 88' lang='lat' dir='ltr'>Ro-</span> 
     </span>
     <span class='ocr_line' id='line_1_14' title="bbox 165 1885 1214 1980; baseline -0.002 -23"><span class='ocrx_word' id='word_1_92' title='bbox 165 1910 289 1958; x_wconf 91' lang='lat' dir='ltr'>manos</span> <span class='ocrx_word' id='word_1_93' title='bbox 321 1912 438 1958; x_wconf 87' lang='lat' dir='ltr'>rerum</span> <span class='ocrx_word' id='word_1_94' title='bbox 469 1890 639 1967; x_wconf 90' lang='lat' dir='ltr'>dominos,</span> <span class='ocrx_word' id='word_1_95' title='bbox 669 1896 884 1980; x_wconf 84' lang='lat' dir='ltr'>gentemque</span> <span class='ocrx_word' id='word_1_96' title='bbox 915 1895 1076 1978; x_wconf 87' lang='lat' dir='ltr'>togatam</span> <span class='ocrx_word' id='word_1_97' title='bbox 1090 1885 1119 1956; x_wconf 90' lang='lat'>:”</span> <span class='ocrx_word' id='word_1_98' title='bbox 1155 1907 1214 1955; x_wconf 89' lang='lat' dir='ltr'>ex-</span> 
     </span>
     <span class='ocr_line' id='line_1_15' title="bbox 166 2002 1213 2095; baseline -0.003 -22"><span class='ocrx_word' id='word_1_99' title='bbox 166 2005 279 2095; x_wconf 89' lang='lat' dir='ltr'>ceptis</span> <span class='ocrx_word' id='word_1_100' title='bbox 303 2015 425 2074; x_wconf 90' lang='lat' dir='ltr'>autem</span> <span class='ocrx_word' id='word_1_101' title='bbox 443 2005 647 2085; x_wconf 86' lang='lat' dir='ltr'>Caesaribus,</span> <span class='ocrx_word' id='word_1_102' title='bbox 665 2003 689 2074; x_wconf 90' lang='lat' dir='ltr'><strong>J</strong></span> <span class='ocrx_word' id='word_1_103' title='bbox 691 2003 763 2073; x_wconf 91' lang='lat' dir='ltr'>ulio</span> <span class='ocrx_word' id='word_1_104' title='bbox 781 2013 818 2073; x_wconf 91' lang='lat' dir='ltr'>et</span> <span class='ocrx_word' id='word_1_105' title='bbox 836 2002 1015 2095; x_wconf 85' lang='lat' dir='ltr'>Auguste,</span> <span class='ocrx_word' id='word_1_106' title='bbox 1034 2003 1154 2072; x_wconf 89' lang='lat' dir='ltr'>nescio</span> <span class='ocrx_word' id='word_1_107' title='bbox 1171 2025 1213 2070; x_wconf 91' lang='lat' dir='ltr'>an</span> 
     </span>
     <span class='ocr_line' id='line_1_16' title="bbox 166 2116 1214 2210; baseline -0.003 -22"><span class='ocrx_word' id='word_1_108' title='bbox 166 2120 344 2188; x_wconf 90' lang='lat' dir='ltr'>neminem</span> <span class='ocrx_word' id='word_1_109' title='bbox 358 2121 489 2189; x_wconf 89' lang='lat' dir='ltr'>eximie</span> <span class='ocrx_word' id='word_1_110' title='bbox 502 2119 715 2201; x_wconf 88' lang='lat' dir='ltr'>collaudent,</span> <span class='ocrx_word' id='word_1_111' title='bbox 729 2126 859 2210; x_wconf 87' lang='lat' dir='ltr'>praeter</span> <span class='ocrx_word' id='word_1_112' title='bbox 871 2140 942 2200; x_wconf 89' lang='lat' dir='ltr'>eos,</span> <span class='ocrx_word' id='word_1_113' title='bbox 953 2117 1013 2208; x_wconf 92' lang='lat' dir='ltr'>qui</span> <span class='ocrx_word' id='word_1_114' title='bbox 1026 2116 1214 2208; x_wconf 84' lang='lat' dir='ltr'>Scriptoris</span> 
     </span>
     <span class='ocr_line' id='line_1_17' title="bbox 166 2230 1215 2327; baseline -0.003 -24"><span class='ocrx_word' id='word_1_115' title='bbox 166 2236 275 2326; x_wconf 90' lang='lat' dir='ltr'>ipsius</span> <span class='ocrx_word' id='word_1_116' title='bbox 302 2245 463 2327; x_wconf 86' lang='lat' dir='ltr'>tempore</span> <span class='ocrx_word' id='word_1_117' title='bbox 493 2235 686 2326; x_wconf 87' lang='lat' dir='ltr'>pervetusti</span> <span class='ocrx_word' id='word_1_118' title='bbox 716 2233 948 2302; x_wconf 85' lang='lat' dir='ltr'>habebantur.</span> <span class='ocrx_word' id='word_1_119' title='bbox 1010 2230 1134 2302; x_wconf 90' lang='lat' dir='ltr'>Unum</span> <span class='ocrx_word' id='word_1_120' title='bbox 1164 2240 1215 2300; x_wconf 89' lang='lat' dir='ltr'>at-</span> 
     </span>
     <span class='ocr_line' id='line_1_18' title="bbox 166 2328 1214 2441; baseline -0.003 -22"><span class='ocrx_word' id='word_1_121' title='bbox 166 2373 236 2441; x_wconf 93' lang='lat' dir='ltr'>que</span> <span class='ocrx_word' id='word_1_122' title='bbox 252 2351 404 2422; x_wconf 87' lang='lat' dir='ltr'>alterum</span> <span class='ocrx_word' id='word_1_123' title='bbox 425 2351 661 2421; x_wconf 88' lang='lat' dir='ltr'>recentiorum</span> <span class='ocrx_word' id='word_1_124' title='bbox 688 2350 831 2419; x_wconf 88' lang='lat' dir='ltr'>nomine</span> <span class='ocrx_word' id='word_1_125' title='bbox 848 2328 952 2418; x_wconf 85' lang='lat' dir='ltr'>tenus</span> <span class='ocrx_word' id='word_1_126' title='bbox 969 2345 1137 2439; x_wconf 91' lang='lat' dir='ltr'>appellat,</span> <span class='ocrx_word' id='word_1_127' title='bbox 1156 2348 1214 2417; x_wconf 89' lang='lat' dir='ltr'>sed</span> 
     </span>
     <span class='ocr_line' id='line_1_19' title="bbox 167 2463 1214 2558; baseline -0.005 -22"><span class='ocrx_word' id='word_1_128' title='bbox 167 2489 248 2536; x_wconf 88' lang='lat' dir='ltr'>cum</span> <span class='ocrx_word' id='word_1_129' title='bbox 266 2490 386 2537; x_wconf 89' lang='lat' dir='ltr'>amore</span> <span class='ocrx_word' id='word_1_130' title='bbox 408 2476 446 2537; x_wconf 89' lang='lat' dir='ltr'>et</span> <span class='ocrx_word' id='word_1_131' title='bbox 467 2468 584 2537; x_wconf 88' lang='lat' dir='ltr'>studio</span> <span class='ocrx_word' id='word_1_132' title='bbox 610 2473 768 2534; x_wconf 87' lang='lat' dir='ltr'>moratur</span> <span class='ocrx_word' id='word_1_133' title='bbox 790 2465 827 2534; x_wconf 93' lang='lat' dir='ltr'>in</span> <span class='ocrx_word' id='word_1_134' title='bbox 851 2488 974 2558; x_wconf 87' lang='lat' dir='ltr'>regum</span> <span class='ocrx_word' id='word_1_135' title='bbox 991 2463 1214 2534; x_wconf 90' lang='lat' dir='ltr'>Albanorum</span> 
     </span>
     <span class='ocr_line' id='line_1_20' title="bbox 168 2579 1215 2671; baseline -0.006 -19"><span class='ocrx_word' id='word_1_136' title='bbox 168 2585 266 2664; x_wconf 86' lang='lat' dir='ltr'>serie,</span> <span class='ocrx_word' id='word_1_137' title='bbox 293 2584 328 2650; x_wconf 94' lang='lat' dir='ltr'>in</span> <span class='ocrx_word' id='word_1_138' title='bbox 356 2582 518 2652; x_wconf 87' lang='lat' dir='ltr'>Romulis</span> <span class='ocrx_word' id='word_1_139' title='bbox 544 2592 581 2650; x_wconf 91' lang='lat' dir='ltr'>et</span> <span class='ocrx_word' id='word_1_140' title='bbox 607 2581 813 2671; x_wconf 57' lang='lat' dir='ltr'>Tarquiniis),</span> <span class='ocrx_word' id='word_1_141' title='bbox 840 2581 1062 2671; x_wconf 72' lang='lat' dir='ltr'>caeterisque,</span> <span class='ocrx_word' id='word_1_142' title='bbox 1084 2581 1145 2671; x_wconf 95' lang='lat' dir='ltr'>qui</span> <span class='ocrx_word' id='word_1_143' title='bbox 1172 2579 1215 2649; x_wconf 91' lang='lat' dir='ltr'>ad</span> 
     </span>
     <span class='ocr_line' id='line_1_21' title="bbox 167 2696 1215 2789; baseline -0.002 -23"><span class='ocrx_word' id='word_1_144' title='bbox 167 2698 366 2768; x_wconf 86' lang='lat' dir='ltr'>fabulosum</span> <span class='ocrx_word' id='word_1_145' title='bbox 384 2721 483 2789; x_wconf 86' lang='lat' dir='ltr'>paene</span> <span class='ocrx_word' id='word_1_146' title='bbox 501 2696 667 2766; x_wconf 84' lang='lat' dir='ltr'>saeculum</span> <span class='ocrx_word' id='word_1_147' title='bbox 685 2699 874 2787; x_wconf 82' lang='lat' dir='ltr'>pertinent.</span> <span class='ocrx_word' id='word_1_148' title='bbox 923 2697 981 2766; x_wconf 91' lang='lat' dir='ltr'>Ita</span> <span class='ocrx_word' id='word_1_149' title='bbox 998 2697 1133 2766; x_wconf 86' lang='lat' dir='ltr'>factum</span> <span class='ocrx_word' id='word_1_150' title='bbox 1153 2704 1215 2774; x_wconf 87' lang='lat' dir='ltr'>est,</span> 
     </span>
     <span class='ocr_line' id='line_1_22' title="bbox 166 2813 1215 2906; baseline -0.005 -23"><span class='ocrx_word' id='word_1_151' title='bbox 166 2826 208 2883; x_wconf 91' lang='lat' dir='ltr'>ut</span> <span class='ocrx_word' id='word_1_152' title='bbox 233 2816 270 2883; x_wconf 93' lang='lat' dir='ltr'>in</span> <span class='ocrx_word' id='word_1_153' title='bbox 296 2817 371 2906; x_wconf 90' lang='lat' dir='ltr'>ipsa</span> <span class='ocrx_word' id='word_1_154' title='bbox 392 2815 643 2883; x_wconf 87' lang='lat' dir='ltr'>vaticinatione</span> <span class='ocrx_word' id='word_1_155' title='bbox 669 2813 837 2903; x_wconf 84' lang='lat' dir='ltr'>praeteriti</span> <span class='ocrx_word' id='word_1_156' title='bbox 864 2813 1032 2903; x_wconf 80' lang='lat' dir='ltr'>temporis</span> <span class='ocrx_word' id='word_1_157' title='bbox 1059 2813 1215 2881; x_wconf 91' lang='lat' dir='ltr'>studium</span> 
     </span>
     <span class='ocr_line' id='line_1_23' title="bbox 167 2929 407 2999; baseline -0.008 0"><span class='ocrx_word' id='word_1_158' title='bbox 167 2929 407 2999; x_wconf 88' lang='lat' dir='ltr'>declaraverit.</span> 
     </span>
    </p>

    <p class='ocr_par' dir='ltr' id='par_1_4' title="bbox 166 3040 1217 4402">
     <span class='ocr_line' id='line_1_24' title="bbox 218 3040 1215 3136; baseline -0.005 -22"><span class='ocrx_word' id='word_1_159' title='bbox 218 3046 336 3129; x_wconf 82' lang='lat' dir='ltr'>Quare</span> <span class='ocrx_word' id='word_1_160' title='bbox 366 3044 453 3114; x_wconf 92' lang='lat' dir='ltr'>illud</span> <span class='ocrx_word' id='word_1_161' title='bbox 486 3046 627 3136; x_wconf 90' lang='lat' dir='ltr'>quidem</span> <span class='ocrx_word' id='word_1_162' title='bbox 657 3045 768 3113; x_wconf 92' lang='lat' dir='ltr'>fixum</span> <span class='ocrx_word' id='word_1_163' title='bbox 801 3053 987 3132; x_wconf 90' lang='lat' dir='ltr'>ratumque</span> <span class='ocrx_word' id='word_1_164' title='bbox 1017 3050 1106 3122; x_wconf 90' lang='lat' dir='ltr'>esto,</span> <span class='ocrx_word' id='word_1_165' title='bbox 1135 3040 1215 3112; x_wconf 88' lang='lat' dir='ltr'>Vir-</span> 
     </span>
     <span class='ocr_line' id='line_1_25' title="bbox 166 3156 1217 3251; baseline -0.003 -25"><span class='ocrx_word' id='word_1_166' title='bbox 166 3159 331 3251; x_wconf 86' lang='lat' dir='ltr'>gilianam</span> <span class='ocrx_word' id='word_1_167' title='bbox 360 3158 489 3228; x_wconf 91' lang='lat' dir='ltr'>Poesin</span> <span class='ocrx_word' id='word_1_168' title='bbox 515 3158 686 3227; x_wconf 89' lang='lat' dir='ltr'>desiderio</span> <span class='ocrx_word' id='word_1_169' title='bbox 714 3179 853 3248; x_wconf 90' lang='lat' dir='ltr'>semper</span> <span class='ocrx_word' id='word_1_170' title='bbox 880 3158 1034 3226; x_wconf 86' lang='lat' dir='ltr'>revocari</span> <span class='ocrx_word' id='word_1_171' title='bbox 1066 3156 1103 3223; x_wconf 92' lang='lat' dir='ltr'>in</span> <span class='ocrx_word' id='word_1_172' title='bbox 1132 3156 1217 3246; x_wconf 88' lang='lat' dir='ltr'>pris-</span> 
     </span>
     <span class='ocr_line' id='line_1_26' title="bbox 166 3271 1215 3364; baseline -0.003 -22"><span class='ocrx_word' id='word_1_173' title='bbox 166 3275 232 3342; x_wconf 90' lang='lat' dir='ltr'>tini</span> <span class='ocrx_word' id='word_1_174' title='bbox 261 3275 384 3343; x_wconf 92' lang='lat' dir='ltr'>mundi</span> <span class='ocrx_word' id='word_1_175' title='bbox 410 3275 629 3355; x_wconf 88' lang='lat' dir='ltr'>memoriam,</span> <span class='ocrx_word' id='word_1_176' title='bbox 653 3281 759 3364; x_wconf 83' lang='lat' dir='ltr'>atque</span> <span class='ocrx_word' id='word_1_177' title='bbox 786 3274 822 3341; x_wconf 93' lang='lat' dir='ltr'>in</span> <span class='ocrx_word' id='word_1_178' title='bbox 850 3273 930 3341; x_wconf 89' lang='lat' dir='ltr'>vitae</span> <span class='ocrx_word' id='word_1_179' title='bbox 956 3273 1068 3341; x_wconf 91' lang='lat' dir='ltr'>initia.</span> <span class='ocrx_word' id='word_1_180' title='bbox 1121 3271 1215 3351; x_wconf 90' lang='lat' dir='ltr'>Jam,</span> 
     </span>
     <span class='ocr_line' id='line_1_27' title="bbox 167 3386 1215 3479; baseline -0.001 -23"><span class='ocrx_word' id='word_1_181' title='bbox 167 3390 250 3479; x_wconf 92' lang='lat' dir='ltr'>quid</span> <span class='ocrx_word' id='word_1_182' title='bbox 268 3390 304 3457; x_wconf 92' lang='lat' dir='ltr'>in</span> <span class='ocrx_word' id='word_1_183' title='bbox 322 3389 377 3458; x_wconf 91' lang='lat' dir='ltr'>his</span> <span class='ocrx_word' id='word_1_184' title='bbox 398 3411 585 3458; x_wconf 90' lang='lat' dir='ltr'>commune</span> <span class='ocrx_word' id='word_1_185' title='bbox 604 3389 649 3456; x_wconf 90' lang='lat' dir='ltr'>sit</span> <span class='ocrx_word' id='word_1_186' title='bbox 667 3410 748 3456; x_wconf 91' lang='lat' dir='ltr'>cum</span> <span class='ocrx_word' id='word_1_187' title='bbox 768 3387 959 3456; x_wconf 90' lang='lat' dir='ltr'>Platonicis</span> <span class='ocrx_word' id='word_1_188' title='bbox 985 3386 1215 3467; x_wconf 72' lang='lat' dir='ltr'>sermonibus</span> 
     </span>
     <span class='ocr_line' id='line_1_28' title="bbox 167 3501 1216 3594; baseline -0.004 -23"><span class='ocrx_word' id='word_1_189' title='bbox 167 3526 353 3594; x_wconf 89' lang='lat' dir='ltr'>exponam.</span> <span class='ocrx_word' id='word_1_190' title='bbox 410 3503 576 3573; x_wconf 89' lang='lat' dir='ltr'>Diximus</span> <span class='ocrx_word' id='word_1_191' title='bbox 607 3503 783 3584; x_wconf 88' lang='lat' dir='ltr'>nimirum,</span> <span class='ocrx_word' id='word_1_192' title='bbox 815 3503 1024 3572; x_wconf 88' lang='lat' dir='ltr'>severiorem</span> <span class='ocrx_word' id='word_1_193' title='bbox 1056 3501 1216 3571; x_wconf 86' lang='lat' dir='ltr'>Lucretii</span> 
     </span>
     <span class='ocr_line' id='line_1_29' title="bbox 168 3616 1216 3711; baseline -0.002 -24"><span class='ocrx_word' id='word_1_194' title='bbox 168 3618 313 3689; x_wconf 88' lang='lat' dir='ltr'>Musam</span> <span class='ocrx_word' id='word_1_195' title='bbox 331 3622 429 3710; x_wconf 90' lang='lat' dir='ltr'>quasi</span> <span class='ocrx_word' id='word_1_196' title='bbox 448 3621 602 3711; x_wconf 88' lang='lat' dir='ltr'>proprias</span> <span class='ocrx_word' id='word_1_197' title='bbox 621 3620 686 3688; x_wconf 90' lang='lat' dir='ltr'>sibi</span> <span class='ocrx_word' id='word_1_198' title='bbox 705 3619 893 3709; x_wconf 88' lang='lat' dir='ltr'>expetiisse</span> <span class='ocrx_word' id='word_1_199' title='bbox 913 3617 1066 3698; x_wconf 90' lang='lat' dir='ltr'>delicias,</span> <span class='ocrx_word' id='word_1_200' title='bbox 1085 3617 1113 3686; x_wconf 91' lang='lat' dir='ltr'>si</span> <span class='ocrx_word' id='word_1_201' title='bbox 1133 3616 1216 3708; x_wconf 90' lang='lat' dir='ltr'>quid</span> 
     </span>
     <span class='ocr_line' id='line_1_30' title="bbox 166 3732 1217 3816; baseline -0.003 -13"><span class='ocrx_word' id='word_1_202' title='bbox 166 3735 275 3804; x_wconf 88' lang='lat' dir='ltr'>habet</span> <span class='ocrx_word' id='word_1_203' title='bbox 298 3735 439 3804; x_wconf 88' lang='lat' dir='ltr'>Natura</span> <span class='ocrx_word' id='word_1_204' title='bbox 459 3737 584 3816; x_wconf 88' lang='lat' dir='ltr'>arcani,</span> <span class='ocrx_word' id='word_1_205' title='bbox 605 3734 752 3816; x_wconf 90' lang='lat' dir='ltr'>obscuri,</span> <span class='ocrx_word' id='word_1_206' title='bbox 777 3734 916 3802; x_wconf 88' lang='lat' dir='ltr'>infiniti.</span> <span class='ocrx_word' id='word_1_207' title='bbox 969 3732 1077 3801; x_wconf 90' lang='lat' dir='ltr'>Nunc</span> <span class='ocrx_word' id='word_1_208' title='bbox 1097 3733 1217 3801; x_wconf 90' lang='lat' dir='ltr'>viden-</span> 
     </span>
     <span class='ocr_line' id='line_1_31' title="bbox 168 3849 1217 3942; baseline -0.006 -24"><span class='ocrx_word' id='word_1_209' title='bbox 168 3850 262 3932; x_wconf 91' lang='lat' dir='ltr'>dum,</span> <span class='ocrx_word' id='word_1_210' title='bbox 290 3873 334 3918; x_wconf 90' lang='lat' dir='ltr'>an</span> <span class='ocrx_word' id='word_1_211' title='bbox 356 3850 554 3942; x_wconf 88' lang='lat' dir='ltr'>Virgiliana</span> <span class='ocrx_word' id='word_1_212' title='bbox 577 3873 717 3940; x_wconf 91' lang='lat' dir='ltr'>quoque</span> <span class='ocrx_word' id='word_1_213' title='bbox 739 3871 802 3917; x_wconf 90' lang='lat' dir='ltr'>suo</span> <span class='ocrx_word' id='word_1_214' title='bbox 823 3849 969 3917; x_wconf 92' lang='lat' dir='ltr'>minime</span> <span class='ocrx_word' id='word_1_215' title='bbox 991 3854 1135 3916; x_wconf 88' lang='lat' dir='ltr'>careant</span> <span class='ocrx_word' id='word_1_216' title='bbox 1160 3877 1217 3928; x_wconf 86' lang='grc' dir='ltr'>μυ-</span> 
     </span>
     <span class='ocr_line' id='line_1_32' title="bbox 167 3963 1217 4059; baseline -0.002 -25"><span class='ocrx_word' id='word_1_217' title='bbox 167 3964 303 4059; x_wconf 83' lang='grc' dir='ltr'>στηρίῳ.</span> <span class='ocrx_word' id='word_1_218' title='bbox 362 3963 505 4052; x_wconf 88' lang='lat' dir='ltr'>Etenim</span> <span class='ocrx_word' id='word_1_219' title='bbox 531 3965 589 4055; x_wconf 92' lang='lat' dir='ltr'>qui</span> <span class='ocrx_word' id='word_1_220' title='bbox 618 3964 705 4033; x_wconf 90' lang='lat' dir='ltr'>velit</span> <span class='ocrx_word' id='word_1_221' title='bbox 736 3965 874 4033; x_wconf 88' lang='lat' dir='ltr'>acutius</span> <span class='ocrx_word' id='word_1_222' title='bbox 903 3964 1070 4054; x_wconf 90' lang='lat' dir='ltr'>indagare</span> <span class='ocrx_word' id='word_1_223' title='bbox 1097 3983 1217 4032; x_wconf 85' lang='lat' dir='ltr'>causas</span> 
     </span>
     <span class='ocr_line' id='line_1_33' title="bbox 167 4076 1217 4171; baseline -0.006 -23"><span class='ocrx_word' id='word_1_224' title='bbox 167 4103 350 4171; x_wconf 87' lang='lat' dir='ltr'>propensae</span> <span class='ocrx_word' id='word_1_225' title='bbox 380 4081 416 4148; x_wconf 92' lang='lat' dir='ltr'>in</span> <span class='ocrx_word' id='word_1_226' title='bbox 446 4080 592 4170; x_wconf 90' lang='lat' dir='ltr'>antiqua</span> <span class='ocrx_word' id='word_1_227' title='bbox 628 4079 758 4148; x_wconf 87' lang='lat' dir='ltr'>saecula</span> <span class='ocrx_word' id='word_1_228' title='bbox 789 4077 992 4160; x_wconf 64' lang='lat' dir='ltr'>voluntatis</span> <span class='ocrx_word' id='word_1_229' title='bbox 1018 4078 1151 4146; x_wconf 86' lang='lat' dir='ltr'>mirum</span> <span class='ocrx_word' id='word_1_230' title='bbox 1182 4076 1217 4144; x_wconf 93' lang='lat' dir='ltr'>ni</span> 
     </span>
     <span class='ocr_line' id='line_1_34' title="bbox 167 4192 1216 4286; baseline -0.003 -22"><span class='ocrx_word' id='word_1_231' title='bbox 167 4197 369 4286; x_wconf 81' lang='lat' dir='ltr'>conjectura</span> <span class='ocrx_word' id='word_1_232' title='bbox 398 4196 530 4265; x_wconf 90' lang='lat' dir='ltr'>incidat</span> <span class='ocrx_word' id='word_1_233' title='bbox 565 4194 752 4285; x_wconf 90' lang='lat' dir='ltr'>aliquando</span> <span class='ocrx_word' id='word_1_234' title='bbox 784 4195 820 4262; x_wconf 90' lang='lat' dir='ltr'>in</span> <span class='ocrx_word' id='word_1_235' title='bbox 852 4201 1094 4262; x_wconf 90' lang='lat' dir='ltr'>commentum</span> <span class='ocrx_word' id='word_1_236' title='bbox 1132 4192 1216 4262; x_wconf 94' lang='lat' dir='ltr'>illud</span> 
     </span>
     <span class='ocr_line' id='line_1_35' title="bbox 168 4309 1216 4402; baseline -0.002 -25"><span class='ocrx_word' id='word_1_237' title='bbox 168 4309 386 4402; x_wconf 84' lang='lat' dir='ltr'>Pythagorae,</span> <span class='ocrx_word' id='word_1_238' title='bbox 406 4311 574 4390; x_wconf 89' lang='lat' dir='ltr'>docentis,</span> <span class='ocrx_word' id='word_1_239' title='bbox 599 4309 795 4378; x_wconf 88' lang='lat' dir='ltr'>animarum</span> <span class='ocrx_word' id='word_1_240' title='bbox 818 4316 1016 4378; x_wconf 86' lang='lat' dir='ltr'>nostrarum</span> <span class='ocrx_word' id='word_1_241' title='bbox 1042 4329 1114 4377; x_wconf 91' lang='lat' dir='ltr'>non</span> <span class='ocrx_word' id='word_1_242' title='bbox 1142 4316 1216 4375; x_wconf 91' lang='lat' dir='ltr'>tum</span> 
     </span>
    </p>
   </div>
   <div class='ocr_carea' id='block_1_3' title="bbox 0 0 1390 4876">
    <p class='ocr_par' dir='ltr' id='par_1_5' title="bbox 0 0 1390 4876">
     <span class='ocr_line' id='line_1_36' title="bbox 0 0 1390 4876; baseline 0 0"><span class='ocrx_word' id='word_1_243' title='bbox 0 0 1390 4876; x_wconf 95' lang='lat' dir='ltr'> </span> 
     </span>
    </p>
   </div>
  </div>
 </body>
</html>
