2768 4876
158 279 225 340 ΜΟ

196 571 283 625 cundo
295 571 380 626 deseri
400 573 417 635 i,
430 572 521 625 xxxix.
552 572 595 653 96.

164 640 445 764 Taplsugog'orquatus,
458 585 563 713 Virgiiir
583 643 708 706 imitator,

163 780 264 833 Taurus
297 779 369 850 apud
403 781 546 848 Virgilium
583 783 708 847 moriens,

197 851 295 904 xxxvii.
310 864 370 921 749.

164 920 708 990 Tuylor,Jeremias,nobilissimaefoeminae

196 991 326 1054 laudator,
339 992 374 1044 iii.
388 1008 431 1062 39.

163 1060 294 1183 Tecr6nessa
305 1061 461 1131 Sophoclea,
475 1063 527 1116 xiv.
542 1076 601 1133 235.
618 1064 708 1117 xxviii.

163 1200 282 1324 Telurgou
300 1221 316 1257 a
335 1203 450 1257 Pindaro
469 1203 624 1266 celebratus,
637 1205 708 1257 xxvi.

162 1288 304 1395 Teleinucbi
327 1343 451 1407 fortunae,
474 1360 527 1414 quo
552 1343 707 1413 pertineant,

194 1412 240 1466 xii.
255 1426 314 1482 197.
333 1431 395 1467 cum
412 1415 498 1483 procis
510 1431 572 1466 eum
591 1413 709 1467 studiose

195 1484 329 1563 componi,
346 1483 401 1537 xiii.
419 1500 480 1538 222.
508 1484 624 1537 Menelai
643 1501 707 1552 opes

194 1551 326 1617 admirari,
340 1554 392 1608 xiv.
402 1570 461 1622 232.
490 1553 523 1607 de
535 1571 607 1622 penu
619 1553 707 1607 solici-

194 1623 424 1686 tumfieri,xiv.2
463 1664 469 1677 .

161 1691 329 1816 Telesgorutes
352 1641 604 1764 madianitarum,
625 1693 707 1747 xxvii.

161 1831 286 1886 Tellurem
298 1834 383 1903 ipsam
399 1852 462 1888 cum
477 1833 631 1888 hominibus
647 1852 707 1887 een·

195 1903 251 1966 tire,
264 1905 335 1957 xviii.
348 1903 408 1973 326,
421 1921 483 1975 329.
506 1922 630 1975 quaenam
646 1904 709 1958 inde

194 1975 327 2028 exoriatur
339 1992 408 2044 spes,
421 1991 483 2044 330.
597 2020 599 2024 .

162 2042 252 2112 Tempe
276 2062 338 2097 cum
360 2045 418 2098 aliis
442 2045 507 2098 locis
529 2062 577 2099 cur
601 2045 708 2098 nomine

194 2123 383 2182 nuncupentur
419 2115 469 2168 sub
508 2114 560 2168 fine
596 2115 707 2169 secundi

195 2182 395 2252 Georgicorum,
407 2185 515 2238 xxxviii.
530 2184 591 2255 767.

161 2253 320 2322 Templorum
344 2256 386 2308 vel
414 2255 584 2324 Paganorum
610 2254 706 2308 rudera

192 2340 241 2376 cur
252 2325 380 2393 placeant,
392 2325 482 2379 xxxiii.
496 2324 557 2394 665.

160 2393 324 2463 Temporibus
337 2404 362 2447 et
374 2395 438 2449 locis
451 2413 498 2464 per
510 2403 608 2448 certam
620 2396 707 2464 legem

193 2472 266 2517 ortos
279 2481 337 2517 esse
351 2464 454 2527 Poetas,
467 2465 556 2518 xxxvi.
568 2477 628 2534 715.

161 2534 247 2656 Τεξνω
258 2542 348 2588 motus
361 2534 433 2604 apud
446 2535 607 2598 Lucretium,
615 2535 706 2589 xxxiii.

214 2617 255 2673 71.

161 2674 316 2727 Testamenti
330 2677 388 2729 loco
404 2675 454 2728 fuit
467 2675 567 2729 Graecis
585 2675 706 2729 Philoso-

194 2744 264 2812 phia,
278 2746 314 2798 xl.
328 2747 388 2799 810.
402 2746 405 2751 ’

161 2815 305 2867 Teutonicce
317 2817 462 2879 cantilenae,
474 2817 509 2868 ix.
526 2815 584 2869 126.

161 2885 277 2937 Tbulubu
290 2903 337 2938 cur
350 2888 457 2954 placeat,
467 2886 516 2939 etsi
529 2886 706 2940 Mahumetis·

193 2973 269 3008 mum
282 2974 337 3024 prae
350 2974 377 3008 se
389 2957 463 3018 serat,
476 2956 566 3009 xxxiii.
580 2956 641 3023 665.

159 3024 288 3086 θαλύσια,
315 3026 447 3079 Theocriti
474 3044 589 3089 carmen,
613 3027 707 3080 eximie

193 3094 320 3216 161eclarari
344 3096 380 3149 ibi
404 3097 461 3167 ejus
488 3096 613 3159 indolem,
634 3098 705 3151 xxxi.

211 3182 293 3234 ma

161 3235 288 3288 Tbebuuis
299 3236 381 3290 facilis
390 3236 422 3290 ad
432 3235 510 3290 ludos
524 3234 706 3289 celeberrimos

193 3305 290 3368 aditus,
303 3325 365 3358 xxv.
379 3323 439 3376 490.
467 3305 579 3359 adhaesit
599 3305 705 3368 invidia,

195 3374 303 3428 Pindari
315 3386 399 3438 aetate,
413 3378 483 3429 xxvi.
497 3375 558 3442 526.

161 3444 335 3568 Tbepclymeui
347 3447 498 3515 augurium,
520 3446 575 3499 xiii.
589 3444 647 3498 226.
662 3464 705 3499 xv.

195 3532 209 3567 2
232 3532 254 3568 2.

160 3586 309 3639 Theocritus
321 3587 442 3639 lictorum
461 3586 626 3655 dialogorum
643 3605 705 3639 auc·

192 3665 243 3720 tor,
256 3657 327 3710 xxiv.
336 3672 397 3726 470.
416 3658 624 3726 Virgilianorum
637 3657 704 3719 fons,

192 3727 264 3780 xxxi.
278 3726 339 3795 636.
358 3729 455 3780 multas
475 3727 554 3780 habet
571 3726 705 3779 Primariae

193 3796 307 3852 Poeseos
320 3807 415 3867 partae,
428 3797 490 3850 ibid.
521 3797 589 3848 ruris
602 3814 705 3863 germa-

193 3886 259 3921 num
280 3877 423 3921 amatorem
443 3886 471 3920 se
491 3867 630 3934 significat,
644 3865 704 3936 637.

193 3937 325 4008 duplicem
340 3938 433 3991 habuit
445 3948 471 3990 et
482 3939 572 3990 locum
589 3945 614 3990 et
630 3944 704 3989 teno-

192 4026 249 4062 rem
283 4008 415 4069 cantandi,
440 4007 507 4078 639.
551 4007 705 4059 crassiorem

192 4079 325 4148 quendam
344 4080 453 4132 Naturae
473 4095 582 4131 sensum
601 4076 704 4141 habuit,

191 4149 263 4201 xxxi.
277 4147 338 4213 640,
351 4149 399 4202 &c
420 4147 531 4202 dicenda
543 4146 653 4200 tacenda
665 4148 704 4201 lo·

193 4219 291 4287 quitur,
299 4217 360 4283 641.
379 4219 491 4288 Virgilio
504 4236 558 4270 non
570 4227 625 4270 tam
637 4235 704 4286 prae·

190 4287 246 4350 ivit,
260 4305 339 4357 quam
352 4290 486 4341 materiem
498 4288 607 4358 paravit,
621 4287 681 4357 643.

159 4357 300 4426 lbeouqiae
308 4359 457 4412 vetustioris
466 4357 705 4428 apudAEschylum

191 4430 309 4500 vestigia,
322 4429 384 4482 xxii.
396 4446 456 4495 424.
476 4447 539 4483 cum
547 4428 624 4483 Poesi
632 4445 704 4481 conr·

613 278 830 343 INDEX.

163 431 301 485 Turturum
317 430 436 486 timidius
455 449 471 485 a
488 431 604 486 Pindaro
622 433 708 487 nomi·

197 502 262 564 nari,
282 504 362 556 xxvii.
380 517 441 626 554.
467 520 483 555 a
505 502 616 572 Virgilio
636 520 708 558 vere-

793 432 896 495 munio,
921 433 958 484 xl.
984 432 1046 502 823
1083 432 1222 486 deficiente
1250 440 1302 486 tum

794 511 883 555 mente
901 511 959 556 tum
978 502 1072 571 lingua
1085 503 1114 555 in
1129 503 1209 556 rebus
1222 503 1303 555 infini-

794 573 837 634 tis,
858 573 918 638 814.
950 571 1011 625 data
1035 573 1143 642 utrique
1164 572 1192 624 in
1213 591 1304 625 manus

795 642 907 705 Natura,
927 659 987 713 quae
1006 642 1125 695 infantiae
1144 642 1190 695 isti
1205 642 1305 696 medea·

794 720 847 776 tur,
860 712 923 765 ibid.
953 711 1072 766 adhibita
1086 713 1167 765 etiam
1184 713 1305 783 utrinque

793 781 960 845 verecundia,
974 782 1035 851 815.
1066 790 1092 835 et
1104 782 1205 835 acriore
1220 799 1306 835 rerum

794 852 945 905 absentium
964 869 1053 915 sensu,
1069 851 1130 906 816.
1150 852 1249 905 habere
1266 869 1305 904 eas

794 922 921 975 vitiorum
945 922 1173 984 communionem,
1194 921 1258 975 ibid.
1283 930 1305 975 et

794 992 981 1054 remediorum,
998 993 1059 1062 817.

760 1063 861 1131 θεωρία
873 1062 906 1116 de
917 1080 1007 1116 rerum
1015 1070 1118 1124 natura,
1127 1060 1266 1114 dubitatur
1274 1079 1305 1114 an

794 1151 825 1186 ea
836 1133 903 1186 bene
912 1151 976 1186 cum
983 1131 1060 1186 Poesi
1069 1132 1219 1194 conveniat,
1227 1131 1304 1184 xxxii.

795 1203 856 1257 60.

760 1217 829 1328 Ouid
844 1273 894 1326 ἀπὸ
917 1275 1031 1343 μηχανῆς
1050 1272 1157 1342 proprie
1175 1271 1209 1324 de
1230 1288 1304 1324 scena

794 1343 904 1406 dictum,
917 1362 961 1397 xv.
974 1341 1034 1409 256.
1065 1342 1214 1413 praesertim
1229 1342 1304 1396 Euri·

793 1412 877 1482 pidea,
891 1413 962 1467 xxix.
976 1414 1038 1483 598.
1254 1435 1257 1441 ·

759 1489 829 1538 θῶες
841 1484 984 1554 ὦμόφαγοι,
996 1502 1024 1538 x.
1039 1500 1072 1550 14
1092 1523 1099 1536 .

760 1553 898 1605 Tberonem
929 1555 1029 1607 solatur
1081 1552 1201 1617 indarus,
1226 1553 1302 1607 xxvii.

761 1693 870 1746 Theseus
899 1693 928 1746 in
959 1692 1132 1762 Supplicibus
1161 1693 1302 1762 Euripidis,

793 1763 865 1817 xxix.
878 1778 939 1834 590.
970 1764 1027 1833 ejus
1046 1764 1076 1816 in
1099 1763 1249 1834 Hippolyto
1268 1764 1302 1817 fa·

792 1834 892 1896 mulus,
906 1847 967 1904 595.

761 1903 867 1973 Thespis
877 1902 1046 1973 Tragoediam
1065 1919 1122 1956 non
1141 1910 1183 1956 est
1200 1919 1302 1956 assecu-

792 1981 846 2035 tus,
858 1974 921 2027 xvii.
935 1974 997 2026 288.

760 2043 888 2111 Thestylis
902 2042 1102 2112 Spenserianus,
1115 2042 1188 2096 xxiv.
1201 2055 1262 2111 471.

760 2113 944 2181 Thrasybulus,
964 2130 1018 2183 quo
1038 2121 1139 2181 spectet
1158 2113 1216 2182 ejus
1236 2110 1302 2182 apud

794 2182 939 2236 Pindarum
950 2183 1018 2244 laus,
1031 2200 1093 2234 xxv.
1107 2196 1169 2251 510.

760 2252 916 2306 'Ibreuorum
928 2252 1008 2306 verba
1019 2260 1166 2320 ponuntur,
1179 2269 1205 2305 v.
1218 2251 1262 2321 67.

760 2323 917 2392 Thucydidis
933 2322 1015 2375 verba
1032 2330 1180 2391 ponuntur,
1194 2321 1213 2375 i.
1226 2335 1253 2392 5.
1270 2320 1301 2374 vi.

793 2393 836 2456 81,
850 2394 893 2459 84.
919 2393 964 2446 vii.
980 2393 1023 2463 89,
1036 2409 1080 2461 91.
1105 2392 1152 2444 xii.
1172 2408 1232 2462 191,
1246 2407 1301 2457 204.

792 2464 845 2517 xiv.
858 2481 900 2532 23.
920 2462 953 2516 de
964 2462 1129 2531 temporibus
1143 2461 1241 2527 Iliacis,
1253 2463 1301 2515 xvi.

794 2533 854 2602 265.
867 2533 999 2601 xxx.617.

760 2603 883 2666 Tibullus,
897 2603 1036 2672 Sapphicis
1049 2601 1146 2671 dispar,
1160 2603 1196 2655 vi.
1211 2602 1252 2671 76.

760 2673 864 2726 'liresioe
893 2674 921 2727 in
953 2672 1084 2743 Odysseia
1113 2672 1233 2736 effatum,
1260 2672 1301 2725 xii.

793 2760 852 2797 201.

760 2813 845 2881 Tityri
863 2813 971 2866 nomine
994 2830 1022 2865 se
1040 2829 1197 2882 nuncupare
1217 2813 1301 2883 Virgi-

792 2885 867 2946 lium,
880 2883 968 2936 xxxvi.
984 2895 1045 2952 719.

759 2953 883 3022 Tbuqicus
895 2954 990 3022 poterit
1003 2969 1060 3005 esse
1073 2951 1182 3021 Epicus‚
1195 2953 1231 3006 vi.
1245 2967 1284 3022 79.

760 3023 920 3092 Truqoedium
945 3023 1078 3076 difficilius
1106 3023 1141 3075 ad
1164 3023 1302 3075 formulam

792 3104 911 3147 nostram
932 3094 1010 3163 exigi,
1023 3093 1058 3145 vi.
1073 3105 1114 3162 73.
1143 3093 1200 3161 ejus
1212 3094 1302 3160 volup-

791 3175 831 3218 tas
844 3164 979 3235 quomodo
992 3181 1006 3216 e
1019 3163 1083 3215 Fato
1096 3161 1217 3231 pendeat,
1233 3163 1301 3216 xiiii.

791 3249 852 3302 315.
878 3234 970 3287 divino
987 3232 1097 3286 consilio
1116 3240 1222 3285 enatam
1239 3250 1302 3294 esse,

791 3305 942 3373 xxvh.559.

759 3375 877 3442 Tbuqoedi
899 3373 981 3426 Attici
1005 3389 1095 3426 servos
1120 3380 1301 3434 contemnunt,

791 3446 844 3497 xiv.
859 3458 919 3513 235.
947 3444 1057 3514 quinam
1077 3442 1161 3495 exiis
1185 3442 1303 3495 Primarii

791 3515 947 3575 habeantur,
967 3514 1047 3567 xxvii.
1070 3512 1131 3578 560.
1158 3513 1230 3565 xxix.
1244 3513 1302 3582 609.

792 3604 853 3638 rure
865 3584 1032 3646 fruebantur,
1044 3601 1106 3635 xxx.
1120 3581 1182 3651 617.

759 3654 962 3723 Tiausfiqurutio
975 3653 1095 3715 Domini,
1109 3651 1249 3722 Raphaelis
1266 3661 1302 3704 ta-

790 3725 862 3787 bula,
875 3724 910 3777 iii.
925 3741 967 3793 29.

758 3797 863 3848 sternar
874 3795 941 3847 lucis
957 3792 1028 3861 apud
1046 3792 1209 3854 Lucretium,
1223 3793 1301 3845 xxxii.

791 3865 852 3918 660.
883 3865 1044 3933 linguarum,
1069 3862 1215 3931 nominatis
1239 3863 1301 3915 locis

791 3953 857 4006 quos
871 3953 944 3987 caros
957 3933 1095 3995 habemus,
1109 3933 1218 3984 xxxviii.
1233 3945 1290 4001 774.

758 4006 884 4058 Trioiuliu
896 4023 944 4057 cur
956 4004 1089 4056 atrocibus
1105 4013 1301 4072 praeponantur,

790 4094 844 4128 xix.
912 4115 918 4126 .

757 4088 940 4214 Trojuudirilli
959 4160 1081 4223 quaenam
1098 4153 1219 4210 tempora
1235 4142 1302 4196 dele·

758 4215 1207 4353 Tuidiilliisfldffdrhldihdddiiodltaris
1224 4282 1301 4335 babet

789 4359 887 4417 locum,
900 4356 953 4407 xxi.
967 4355 1028 4423 389,
1041 4369 1101 4422 391.

758 4427 858 4480 Turnus
871 4426 957 4479 OEnea
969 4423 1103 4476 honestior
1117 4431 1143 4475 et
1156 4422 1299 4483 amabilior,
