2768 4876
168 314 233 376 440
381 314 430 376 De
441 311 633 377 muliebribus
650 310 948 396 ⁴*r'h'sclgrh'pomoeriis.
1021 331 1212 373 nunnxxrn.

168 479 307 549 Castior
337 480 503 550 videlicet
537 504 578 550 ac
613 482 765 550 severior
795 487 871 549 erat
896 477 1054 570 AEschyli
1082 477 1214 570 Pytha-

167 596 276 688 gorici
308 595 424 675 Musa,
453 620 559 687 quam
590 621 669 688 quae
704 597 788 666 satis
821 595 978 687 placeret
1008 593 1214 685 voluptariis

166 712 243 780 istis
261 712 415 782 auribus

218 823 290 894 Sed
320 825 438 894 mirari
465 825 570 908 soleo,
596 849 666 918 quo
691 827 836 895 tandem
864 825 938 895 fato
968 822 1147 906 acciderit,
1173 834 1214 894 ut

167 941 291 1009 eadem
309 940 420 1010 veluti
445 940 584 1011 macula
605 941 842 1010 offenderetur
867 939 1128 1010 laudatissimus
1152 937 1214 1008 ille

165 1057 368 1125 recentioris
386 1056 528 1125 (hiticae
544 1055 718 1138 Antiates,
740 1079 845 1146 quem
869 1057 905 1124 in
932 1055 987 1124 his
1010 1054 1114 1124 rebus
1138 1078 1214 1124 ora·

165 1170 245 1241 cula
277 1172 486 1241 fundentem
525 1173 653 1241 merito
687 1180 875 1240 veneratur
912 1193 975 1240 sua
1009 1169 1212 1240 Germania.

168 1284 408 1380 Schlegelium
443 1288 532 1368 dico,
568 1288 626 1377 qui
662 1285 879 1378 AEschylum
914 1283 1053 1355 disertis
1087 1286 1212 1364 verbis,

165 1401 264 1472 uelut
281 1403 473 1473 immanem
488 1401 664 1494 quendam
677 1424 718 1470 uc
735 1425 844 1493 prope
859 1401 1044 1493 Cynicum,
1057 1399 1213 1492 ablegari

166 1518 279 1587 voluit
296 1541 318 1588 a
335 1517 452 1587 Musis
468 1519 545 1586 istis
562 1516 790 1587 mollioribus.

216 1632 331 1724 Atqui
357 1635 392 1702 in
420 1633 487 1702 hoc
514 1641 722 1725 argumento
747 1632 919 1724 exemplis
945 1632 1092 1702 fortasse
1117 1630 1213 1701 haud

165 1748 259 1819 male
285 1750 511 1840 supersedeat
537 1746 673 1837 aliquis,
692 1770 773 1816 cum
797 1748 881 1816 satis
906 1770 972 1838 per
994 1769 1031 1815 se
1057 1768 1112 1815 res
1138 1747 1214 1838 ipsa

168 1864 303 1944 doceat,
322 1864 381 1932 vix
403 1863 477 1932 lieri
503 1884 605 1954 posse
627 1871 668 1931 ut
692 1871 834 1931 strenue
853 1884 935 1930 cum
952 1861 1111 1943 fortibus,
1131 1884 1213 1930 cum

166 1977 337 2069 religiosis
362 1978 422 2069 pie
452 1979 582 2046 sentiat
606 1976 723 2068 quivis
747 1975 949 2057 Poetarum,
977 1976 1103 2068 frigeat
1129 1998 1213 2045 vero

165 2092 203 2161 in
228 2091 270 2160 iis
296 2092 409 2172 rebus,
428 2116 509 2183 quae
533 2094 578 2162 ad
602 2095 834 2184 ingenuarum
856 2091 1043 2160 mulierum
1069 2091 1212 2160 laudem

166 2208 357 2300 pertinent.
414 2207 559 2277 Etenim
588 2210 761 2277 virtutum
790 2209 949 2276 omnium
978 2206 1213 2276 humanarum

165 2320 290 2391 eadem
308 2320 418 2392 ferme
435 2324 525 2392 ratio
543 2332 607 2404 est,
626 2325 734 2393 etiam
757 2323 795 2390 in
817 2344 947 2414 genere
965 2321 1211 2390 diversissimo.

166 2435 263 2505 Mire
280 2437 539 2528 quodammodo
557 2439 704 2508 interae
722 2438 947 2507 consentiunt
964 2435 1133 2519 militnm,
1145 2436 1213 2505 rir-

164 2551 299 2644 ginum‚
317 2553 540 2622 sacerdotum
558 2554 710 2647 dignitas
728 2562 765 2622 et
782 2553 917 2644 pudor:
942 2576 987 2622 ne
1009 2553 1100 2623 forte
1120 2552 1213 2622 arbi-

165 2669 319 2750 tremini,
337 2669 396 2759 qui
422 2668 527 2759 pleno
545 2692 605 2738 ore
623 2668 805 2738 tradiderit
829 2670 950 2737 drama
969 2667 1057 2737 illud
1074 2667 1213 2737 Theba-

164 2807 261 2864 num,
280 2782 407 2879 ”Apros
436 2781 572 2866 μεστὸν,
605 2807 688 2854 eum
722 2807 863 2876 prorsus
898 2785 972 2853 fore
1005 2783 1161 2854 alienum
1191 2808 1213 2854 a

162 2923 293 2995 genere
309 2901 376 2970 hoc
395 2901 547 2970 delicato
564 2923 606 2970 ac
622 2900 825 2992 tranquillo.

216 3015 356 3087 Verum
372 3017 552 3086 enimvero
570 3017 626 3086 vel
644 3017 748 3086 unius
766 3015 963 3109 Iphigeniae
981 3017 1065 3086 satis
1081 3014 1212 3085 habeat

165 3129 291 3222 aliquis
316 3133 497 3201 nominum
522 3153 664 3215 nomen,
688 3155 758 3223 quo
780 3128 991 3223 AEschylum
1021 3129 1066 3198 ab
1092 3130 1214 3221 iniqua

166 3247 363 3338 suspicione
380 3256 532 3316 tueatur.
582 3247 708 3316 Dicam
726 3248 904 3316 audacius:
931 3268 1036 3316 nemo
1055 3268 1213 3336 unquam

167 3360 289 3444 Poeta,
313 3385 359 3432 ne
382 3363 476 3452 apud
500 3385 560 3432 eos
578 3362 731 3453 quidem,
750 3363 810 3452 qui
835 3361 891 3430 vel
916 3362 1080 3453 opinione
1106 3362 1215 3442 avita,

166 3477 223 3546 vel
254 3486 473 3547 sacrosancta
503 3478 620 3548 edocti
649 3477 880 3570 philosophia,
908 3479 1023 3547 inesse
1050 3484 1211 3546 sanctum
1253 3540 1259 3555 ,

165 3592 299 3683 aliquid
333 3615 374 3662 ac
408 3595 593 3684 providum
628 3593 780 3662 foeminis
814 3600 942 3685 putant
955 3612 1133 3672 :-nemo,
1160 3593 1213 3660 in-

166 3731 283 3806 quam,
301 3709 460 3778 omnium
482 3733 597 3800 neque
615 3710 752 3779 dulcius
774 3732 889 3799 neque
907 3708 1022 3777 verius
1039 3709 1212 3798 expressit

166 3823 323 3906 affectus
355 3826 578 3895 suavissimos
611 3825 690 3895 illos
721 3826 876 3916 quidem,
907 3823 980 3892 sive
1013 3821 1107 3903 filiae,
1138 3823 1212 3892 sive

167 3964 314 4032 sponsae,
329 3964 391 4011 seu
409 3942 562 4033 denique
577 3942 685 4033 (quo'd
703 3950 834 4035 negant
851 3941 909 4009 isti
927 3939 1212 4026 calumniatores)

166 4056 331 4148 ingenuae
347 4056 515 4125 mulieris.

218 4170 299 4242 “At
317 4173 412 4241 enirn
431 4172 566 4241 Noster
589 4194 659 4239 non
684 4176 725 4238 ut
751 4168 936 4259 Euripides
960 4167 1097 4236 ornavit
1116 4164 1214 4256 Iphi-

167 4286 280 4380 geniae
299 4310 416 4360 casum
429 4288 528 4377 justa
544 4286 681 4356 fabula:
706 4294 846 4355 tantum
866 4306 936 4353 uno
954 4282 1028 4352 solo
1046 4281 1214 4359 carmine,
