2768 4876
170 305 233 366 452
325 305 425 368 Genus
439 305 728 390 onuwfoemiccrcm
744 307 777 370 iac
793 305 987 392 Suppliciter
1019 329 1114 372 ram..
1124 328 1216 370 xxm.

170 477 327 546 dentiam
357 477 497 557 attinet,
525 476 580 546 vel
611 476 655 546 ad
686 499 802 547 mores
832 487 870 546 et
899 477 1055 547 indolem
1091 477 1217 548 mulie-

169 591 279 659 brem.

220 705 417 776 Muliebres
435 707 514 776 dico
539 728 653 776 mores
677 715 715 776 et
740 704 905 787 indolem,
924 729 996 775 non
1021 705 1126 797 hujus
1152 715 1215 777 aut

168 820 313 890 alterius
337 820 513 901 mulieris;
539 845 692 912 namque
713 821 749 889 id
770 820 961 912 proprium,
979 830 1021 889 ut
1037 802 1122 890 ante
1140 844 1216 891 mo·

168 936 319 1018 nuinrus,
346 936 486 1005 videtur
515 958 592 1005 esse
619 935 722 1026 hujus
752 935 953 1028 Tragoediae,
982 935 1076 1026 quod
1106 936 1143 1004 in
1174 959 1216 1006 ea

168 1051 326 1141 Scriptor
359 1074 430 1120 non
464 1059 538 1119 tarn
572 1051 708 1141 privata
741 1072 968 1141 personarum
1003 1049 1214 1132 discrimina,

168 1189 274 1256 quam
301 1167 464 1235 universa
491 1167 653 1256 quaedam
685 1165 868 1234 hominum
899 1187 1029 1257 genera
1057 1166 1214 1255 proferre

169 1280 289 1350 voluit.
325 1281 465 1352 Videtis
478 1282 511 1350 ei
529 1282 738 1373 paucissima
755 1281 897 1372 appingi
915 1281 1074 1361 nomina;
1098 1303 1214 1372 neque

168 1395 247 1464 Rex
262 1397 476 1489 Argivorum
494 1420 560 1466 nec
575 1396 693 1466 Praeeo
707 1396 895 1488 AEgyptius
912 1396 1087 1487 propriam
1105 1394 1214 1465 habet

167 1511 461 1603 appellationem
486 1535 601 1603 neque
627 1515 689 1581 uni
713 1513 878 1602 cuiquam
895 1513 940 1580 de
957 1510 1214 1603 quinquaginta

167 1628 360 1720 virginibus
385 1630 567 1719 precipuae
589 1650 630 1696 ac
653 1628 829 1719 primariae
854 1635 972 1717 partes
997 1626 1212 1712 tribuuntur.

167 1741 245 1812 Erit
263 1741 354 1812 forte
372 1744 432 1834 qui
451 1744 673 1834 improbabit,
691 1744 809 1812 nescio
833 1765 878 1810 an
902 1743 986 1812 satis
1004 1749 1110 1821 recte,
1128 1741 1214 1836 ἀφέ-

165 1864 255 1926 λειαν
272 1859 386 1940 istam,
402 1858 500 1927 velut
518 1859 739 1928 ambitiosam
755 1858 932 1949 quandam
951 1866 1213 1948 paupertatenr;

166 1996 288 2042 verum
323 1981 364 2041 ut
397 1975 641 2053 concedamus„
677 1973 826 2042 obtundi
860 1973 928 2042 isto
963 1972 1069 2041 modo
1103 1973 1214 2041 totius

165 2089 263 2178 quasi
283 2089 396 2157 aciem
417 2088 554 2170 fabulae,
571 2111 637 2159 nec
659 2089 751 2157 bene
771 2089 900 2158 servari
918 2087 1102 2157 distinctas
1120 2087 1214 2156 vices

166 2202 380 2293 coloresque,
407 2204 528 2293 quales
553 2205 590 2272 in
613 2205 687 2272 vita
715 2203 844 2272 veritas
871 2204 947 2293 ipsa
975 2203 1214 2283 demonstrat;

165 2319 202 2387 id
225 2326 346 2387 tamen
372 2319 549 2388 commodi
576 2320 734 2409 capimus
751 2340 771 2385 e
789 2340 827 2386 rc
846 2316 1007 2396 molesta,
1026 2316 1120 2408 quod
1147 2316 1214 2385 hac

164 2434 320 2502 maxime
345 2437 481 2503 ratione
507 2434 677 2503 habemus
703 2435 820 2526 magni
841 2433 962 2502 Poetae
987 2441 1146 2503 mentem
1169 2432 1214 2500 de

165 2572 207 2618 ea
224 2572 262 2618 re
279 2572 385 2640 quam
403 2558 596 2619 tractamus
621 2549 742 2618 hodie:
769 2548 924 2617 indolem
951 2546 1112 2639 intelligo
1138 2570 1215 2616 mo·

164 2685 290 2752 resque
324 2664 481 2754 proprios
515 2661 750 2732 foeminarum.
805 2661 949 2729 Etenim
985 2683 1066 2729 cum
1097 2683 1214 2751 neque

166 2777 484 2869 Hypermnestram
525 2778 708 2871 effingeret
750 2800 867 2868 neque
911 2776 1015 2846 aliam
1053 2777 1215 2866 quamvis

165 2917 284 2976 unam,
308 2895 393 2985 quid
419 2895 524 2977 aliud,
548 2917 674 2986 quaeso,
701 2895 817 2985 potuit
844 2893 1000 2984 cogitare
1017 2889 1214 2981 AEschylus‚

165 3031 272 3099 quam
302 3033 414 3102 genus
445 3033 549 3080 omne
580 3010 796 3086 foemineum,
819 3030 889 3097 quo
916 3007 1138 3097 potissimum
1164 3006 1216 3074 af·

166 3123 264 3193 fectu
285 3125 452 3195 credibile
479 3134 555 3194 erat
580 3125 714 3193 moveri
740 3146 808 3204 eas,
835 3121 897 3191 tali
923 3119 1090 3212 negotio?
1142 3119 1215 3188 Res

166 3239 250 3330 ipsa,
278 3256 319 3309 ut
347 3242 480 3332 opinor,
509 3239 662 3309 debebat
689 3234 949 3329 quodammodo
979 3232 1106 3302 elicere
1137 3253 1216 3301 sen·

167 3356 317 3424 tentiam
339 3356 424 3446 ejus,
449 3370 666 3446 quaecunque
693 3353 837 3422 tandem
864 3374 907 3421 ea
932 3349 1049 3429 fuerit,
1066 3348 1112 3416 de
1137 3347 1215 3417 uni-

168 3492 268 3538 verso
302 3470 491 3540 mulierum
526 3469 644 3567 chpro.
697 3467 983 3537 Animadvertite
1016 3464 1092 3555 jam
1128 3485 1215 3553 quos

168 3585 344 3675 praecipue
361 3585 496 3654 colores
514 3586 546 3654 ei
563 3586 709 3677 picturae
727 3583 938 3653 adhibuerit.

220 3697 379 3768 Primum
397 3701 433 3769 id
451 3701 582 3791 ubique
601 3707 727 3780 servat,
741 3699 866 3791 pudori
881 3695 1041 3789 virginali
1060 3695 1216 3763 maxime

170 3816 328 3883 omnium
358 3817 581 3896 conveniens,
611 3823 652 3883 ut
685 3837 755 3882 non
785 3814 892 3882 modo
920 3811 1098 3904 refugiant
1126 3809 1217 3901 Sup-

169 3926 278 4018 plices
308 3952 382 3997 suae
408 3953 449 3999 ac
479 3930 713 4021 deprecentur
742 3950 866 4021 procos
897 3928 984 3996 istos
1014 3924 1217 4006 insolentes,

171 4041 315 4135 AEgypti
346 4045 444 4128 filios,
473 4068 595 4114 verum
623 4046 729 4113 etiarn
762 4064 884 4112 eorum
914 4063 1020 4111 causa
1049 4041 1094 4109 ab
1121 4039 1217 4109 omni

171 4160 424 4229 consuetudine
450 4169 487 4228 et
508 4170 653 4251 aspectu
680 4160 832 4227 virorum
856 4157 1078 4226 abhorreant.
1132 4153 1217 4224 Tale
