2768 4876
167 309 231 373 478
246 306 445 371 deridentium
456 329 546 371 caree
557 328 624 371 cam
634 308 749 372 ανιίιυίο
758 310 835 371 mire
847 309 1115 373 comemmorans.
1126 333 1212 372 xxiv.

306 476 328 528 εί
340 475 362 529 δ’
375 476 457 530 άεθλα
467 477 562 546 γάρυεν

305 562 400 624 έλδεαι,
412 561 495 632 φίλον
506 559 578 632 ἦτορ,

304 647 391 716 μήκεθ
404 648 479 701 ἁλίου
492 651 599 703 σκοπεῖν

304 734 372 786 άλλὸ
385 733 560 803 θαλπνότερον
572 732 599 786 έν
610 731 691 802 ἁμέρᾳ
702 734 814 804 φαεννὸν
825 734 923 803 ἄστρον
935 732 1030 803 ε’ρήμας
1042 734 1075 788 δι’
1088 733 1197 804 α’ίθερος·

304 818 362 887 μήδ’
374 818 518 888 Ὀλυμπίας
528 818 615 889 άγῶνα
626 818 755 890 φέρτερον
765 820 920 888 αὐδάσομεν.

165 958 363 1040 Videtisne,
382 958 569 1051 magnifico
595 980 758 1027 sonorum
786 959 895 1027 etiam
920 965 1028 1048 atque
1055 957 1207 1050 rhythmi

164 1083 334 1165 apparatu
360 1076 474 1144 ornari
504 1075 721 1143 mentionem
748 1073 943 1165 splendoris
968 1072 1064 1142 illius
1089 1074 1209 1142 unici?

165 1191 405 1283 dignissimam
439 1212 523 1259 sane
553 1210 629 1257 rem
659 1212 736 1280 quae
765 1188 900 1258 haereat
929 1188 1038 1256 infixa
1068 1196 1208 1278 pectore

164 1304 292 1372 summi
312 1302 444 1373 Poetae.
497 1302 590 1372 Mox
609 1325 690 1371 vero
708 1303 753 1372 ad
775 1303 886 1394 ipsam
910 1302 1074 1371 carminis
1100 1311 1209 1371 mate-

164 1421 251 1488 riem
273 1441 467 1510 aggressus,
487 1441 608 1487 vocem
627 1419 712 1500 edit,
731 1419 767 1487 ni
786 1418 898 1498 fallor,
916 1419 1068 1488 sermoni
1096 1416 1206 1486 multo

164 1535 373 1626 propiorem.

374 1676 434 1731 ὅθεν
446 1679 460 1730 ὁ
471 1676 624 1748 πολύφατος
635 1677 712 1747 ὕμνος
723 1679 917 1751 ἀμφιβάλλεται

376 1765 470 1834 σοφῶν
480 1765 612 1832 μητίεσσι,
625 1766 741 1820 κελαδεῖν

375 1852 475 1920 Κρόνου
486 1849 565 1913 παῖδ’,
578 1852 604 1907 ές
614 1851 713 1922 άφνέαν
725 1852 854 1922 ἱκομένους

373 1937 498 2006 μάκαιραν
509 1935 623 2007 Ἱέρωνος
634 1938 731 1992 έστίαν·

375 2019 521 2088 θεμιστεῖον
533 2021 562 2078 ὃς
573 2023 688 2093 ἀμφέπει
700 2026 816 2079 σκᾶπτον
828 2023 855 2077 έν
866 2023 1010 2093 πολυμάλῳ

375 2106 487 2176 Σικελίᾳ,
500 2108 600 2176 δρέπων
611 2109 658 2179 μέν
670 2109 786 2181 κοράφας
797 2111 889 2180 άρετᾶν
900 2109 951 2163 άπδ
963 2111 1061 2163 πασᾶν.

165 2241 300 2312 Iterum
313 2244 399 2334 jam,
411 2253 452 2313 ut
470 2247 635 2335 equidem
653 2249 811 2329 arbitror,
830 2270 875 2316 ex
893 2247 960 2316 hoo
978 2269 1091 2337 usque
1109 2267 1207 2314 versu

164 2359 300 2426 numeri
327 2360 364 2427 in
389 2361 522 2451 majora
547 2373 754 2456 assurgunt3
780 2364 910 2454 injecta
935 2361 1103 2430 videlicet
1128 2360 1208 2452 lyrae

163 2497 204 2544 ac
234 2475 353 2544 melici
384 2478 585 2546 certaminis
614 2479 806 2560 mentione,
835 2479 929 2569 quod
960 2484 1208 2569 argumentum

163 2614 245 2660 cum
263 2615 391 2685 magno
409 2615 529 2663 amore
546 2618 725 2685 nunquam
744 2618 814 2664 non
832 2594 994 2686 prosequi
1013 2593 1115 2664 solet.

374 2752 522 2825 ἀγλαίζεται
535 2756 562 2810 δέ
576 2759 616 2810 καὶ

373 2844 499 2909 μουσικᾶς
511 2842 538 2895 ε’ν
550 2843 634 2914 άώτιρ,

375 2923 416 2979 οία
427 2926 550 2995 παίζομεν
561 2929 644 2999 φιλδν

375 3010 466 3082 ἄνδρες
477 3013 545 3084 ἀμφὶ
558 3014 626 3083 θάμα
638 3014 772 3083 τραπέζαν.

165 3146 223 3214 Ex
239 3147 293 3217 his
311 3157 347 3216 et
365 3147 495 3217 talibus
512 3149 659 3218 fortasse
677 3148 828 3242 intelligi
845 3150 986 3240 poterit,
1000 3148 1158 3217 multum
1175 3149 1210 3216 in

164 3261 282 3329 indole
296 3262 472 3350 scriptoris
489 3262 687 3354 indaganda
703 3285 929 3330 numerorum
944 3283 1085 3352 quoque
1097 3260 1212 3329 flexus

165 3384 202 3445 et
219 3376 406 3445 varietates
420 3376 556 3445 valere:
583 3379 728 3467 perinde
745 3400 828 3447 sane
844 3385 952 3468 atque
969 3398 1108 3468 gressus
1126 3397 1214 3445 enn-

165 3490 211 3560 tis
227 3492 264 3559 in
282 3491 499 3559 declarandis
517 3493 624 3560 animi
642 3494 809 3562 motibus.

216 3604 431 3695 Hujusmodi
465 3607 573 3697 igitur
601 3608 739 3677 indiciis
771 3631 861 3690 usus,
893 3605 1112 3688 Academici,
1139 3629 1213 3675 non

166 3720 370 3789 dubitanter
392 3720 541 3789 audeam
562 3722 656 3791 huno
681 3723 854 3792 Nostrum
875 3723 919 3792 ad
940 3721 1088 3790 eandem
1110 3720 1214 3789 fami-

166 3834 249 3903 liam
275 3835 414 3917 referre,
434 3859 539 3927 quam
564 3845 647 3906 ante
666 3839 742 3929 jam
761 3839 873 3908 ornari
893 3838 1047 3906 diximus
1067 3834 1215 3905 nobilis-

166 3951 255 4019 simo
269 3952 342 4041 pari
355 3950 556 4033 Poetarum,
570 3951 728 4023 Homero
741 3963 778 4023 et
788 3952 970 4045 AEschylo:
995 3972 1096 4019 exea
1110 3959 1215 4040 parte

167 4064 350 4147 duntaxat,
369 4089 438 4155 qua
462 4067 641 4157 pertinent
658 4091 779 4138 omnes
801 4071 845 4137 ad
870 4089 986 4136 mores
1003 4073 1041 4134 et
1058 4064 1103 4133 ad
1120 4072 1216 4133 tem-

166 4201 252 4270 pora
281 4178 373 4269 (quae
403 4181 508 4274 vulgo
540 4187 681 4276 vocant)
712 4184 862 4253 heroica.
923 4182 1133 4272 Quanquam
1168 4181 1215 4250 de

168 4289 338 4384 AEschylo
356 4293 502 4363 fortasse
520 4296 670 4378 dubites,
686 4321 731 4366 an
748 4299 777 4368 is
796 4298 901 4367 ullius
919 4296 967 4365 rei
986 4316 1103 4378 causa,
1121 4316 1216 4384 prae-
