2768 4876
166 339 354 384 rumnxxv.
396 317 546 382 (iumine
559 317 673 404 ιρνιρίο
686 340 707 382 α
722 319 865 384 Pindaro
880 319 1018 384 laudari.
1157 323 1223 390 509

225 486 281 557 Ut
308 488 366 558 hie
392 489 587 582 regionum,
604 496 806 579 temporum
831 489 917 559 alias
940 489 1100 559 omnium
1126 511 1221 557 oom-

170 601 296 671 munia
312 601 389 672 fore
406 603 592 672 confirmat
609 624 673 672 sua
689 603 845 673 earmina
854 613 881 671 ¹¹.

383 744 452 815 ῥῆμα
464 744 486 798 δ’
499 746 632 816 ἐργμάτων
643 748 814 816 χρονιώτερον
824 745 945 810 βιοτεύει,

387 830 427 884 ὅτι
439 853 467 885 κε
479 831 528 886 σὺν
541 831 654 902 χαρίτων
664 830 730 902 τιίχρ

383 919 497 987 γλῶσσα
509 919 606 988 φρενὸς
617 917 705 987 ε’ξελοι
716 917 831 982 βαθείας.

169 1045 297 1117 Tribus
315 1048 431 1117 verbis
448 1050 589 1142 egregie
611 1049 835 1119 adumbravit
853 1072 1002 1142 pensum
1019 1073 1141 1120 eorum
1159 1053 1219 1143 qui

170 1163 318 1232 carmini
336 1162 522 1257 pangendo
541 1163 627 1233 dant
645 1186 798 1254 operam.
853 1165 1039 1257 Principio,

489 1316 539 1370 miv
549 1317 663 1386 χαρίτων
674 1315 749 1387 τύχᾳ,

168 1444 203 1513 id
217 1451 283 1526 est,
297 1445 389 1514 forte
407 1445 570 1536 quadam,
586 1469 657 1514 non
675 1447 750 1515 sine
767 1447 924 1529 numine,
935 1447 1083 1515 veniunt
1100 1447 1217 1517 subito

170 1560 206 1628 in
227 1559 364 1629 animos
387 1583 510 1630 eorum
528 1560 646 1640 verba,
664 1582 777 1643 voees
794 1560 984 1653 ingeniosae
1009 1560 1053 1630 ad
1078 1569 1218 1653 tempus

171 1674 352 1745 eleusulae.
404 1673 545 1744 Deinde
562 1677 680 1746 neseio
699 1698 769 1766 quo
794 1676 946 1745 mirabili
968 1699 1074 1759 nexu,
1092 1700 1216 1746 vocem

170 1812 278 1859 unam
304 1789 415 1859 semel
440 1791 629 1862 inventam
642 1791 803 1882 sequitur
828 1813 900 1859 non
920 1814 999 1860 raro
1020 1793 1121 1883 eopia
1145 1815 1217 1861 non

170 1905 276 1975 modo
306 1905 494 1974 verbomm
524 1929 647 1975 verum
681 1908 791 1975 etiam
824 1907 1080 1976 sententiamm
1114 1907 1217 1976 uber-

169 2020 267 2101 rima,
284 2027 430 2111 pectore
447 2042 493 2090 ex
510 2020 638 2090 intimo
656 2022 885 2112 deprompta:

379 2179 420 2236 ὅτι
432 2203 460 2235 κε
470 2185 585 2253 γλῶσσα
596 2185 693 2254 φρενὸς
703 2183 790 2251 ἐξέλοι
800 2183 918 2249 βαθείας.

169 2317 334 2388 Profecto
359 2341 435 2387 rem
459 2342 526 2389 acu
549 2320 669 2414 tetigit
688 2320 870 2402 Pindarus,
889 2321 1029 2411 quando
1054 2319 1092 2389 in
1117 2320 1214 2390 illam

168 2433 358 2503 formulam
375 2435 510 2504 incidit.

216 2548 356 2619 Extant
381 2559 565 2641 praeterea,
582 2551 710 2642 quibus
727 2551 881 2621 breviter
897 2551 960 2620 sed
976 2558 1081 2620 acute
1098 2551 1213 2633 docet,

167 2687 241 2734 rem
269 2664 337 2734 sibi
367 2687 443 2736 esse
472 2689 555 2735 oum
587 2666 630 2735 iis
659 2667 871 2749 hominibus,
900 2667 959 2757 qui
990 2689 1109 2736 earum
1139 2690 1213 2758 prae

164 2779 305 2850 eaeteris
334 2777 488 2848 habeant
518 2802 601 2849 eum
626 2781 797 2850 honorem
823 2782 883 2872 qui
910 2781 1008 2850 venit
1034 2805 1056 2850 a
1082 2780 1212 2851 Poetis.

167 2892 366 2975 Videtisne,
385 2893 552 2964 Phalarin
574 2919 644 2987 qua
669 2897 772 2966 feriat
797 2919 911 2987 poena,
932 2896 1031 2966 velut
1054 2897 1212 2966 omnium

163 3007 440 3078 acerbissima⁰l

376 3143 407 3196 οὔ
418 3142 505 3214 φθίνει
518 3145 634 3214 Κροίσου
646 3145 788 3215 φιλόφρων
799 3145 886 3215 ἁρετά·

376 3230 421 3284 τὸν
433 3229 461 3284 δὲ
473 3229 558 3304 ταύρῳ
569 3230 673 3302 χαλκέῳ
687 3233 806 3300 καυτῆρα,
819 3231 897 3299 νηλέα
909 3234 977 3294 νόον,

373 3316 457 3387 ε’χθρὰ
469 3318 583 3387 Φάλαριν
595 3317 696 3389 κατέχει
707 3321 790 3386 πᾳντᾶ
802 3319 888 3389 φατιι·

372 3402 437 3455 οὐδέ
446 3425 490 3471 μιν
501 3404 648 3475 φόρμιγγες
658 3404 806 3474 ὑπωρόφιαι
818 3405 949 3458 κοινωνίαν

374 3487 508 3556 μαλθακὰν
518 3489 617 3543 παίδων
628 3489 733 3559 ὀάροισι
744 3490 869 3544 δέκονται.

165 3623 268 3707 Illud,
285 3623 485 3720 ὑπωρόφιαι,
506 3634 647 3696 tantum
673 3650 744 3696 non
770 3626 880 3696 oeulis
907 3626 1066 3718 depingit
1091 3627 1209 3698 aulam

165 3740 313 3822 victoris,
335 3739 498 3811 solennes
523 3738 656 3832 epulas,
680 3742 952 3811 citharoedorum
978 3743 1137 3812 ordinem
1163 3744 1208 3813 de

165 3850 237 3922 loeo
255 3853 436 3946 superiore
454 3857 683 3926 cantantium.

209 3967 316 4051 Quid,
344 3990 415 4058 quo
443 3977 545 4039 ornat
578 3970 755 4061 praeeonio
785 3968 952 4061 Pythioos
986 3969 1135 4062 hymnos
1168 3971 1206 4039 in

299 4199 312 4223 ¹
329 4191 444 4260 Nem.4.
459 4210 500 4249 11.
843 4203 857 4232 ⁰
869 4195 949 4264 Pyra.
965 4212 988 4251 1.
1004 4194 1062 4262 184.
