2768 4876
164 338 364 381 ranuxxru.
410 319 477 382 Cur
491 320 774 385 Iouncadcbrcm
788 321 989 386 adamaverit.
1140 324 1214 386 loo

168 489 302 581 Ecquis
335 501 451 584 neget,
485 493 530 562 ad
565 495 713 564 eandem
748 493 822 564 fere
855 517 1015 565 normam
1050 498 1214 587 componi

168 627 271 696 posse
305 614 555 677 sexcentorum
585 609 659 678 sive
690 608 975 681 adolescentium·
994 611 1074 680 sive
1105 612 1213 681 etiarn

168 720 368 813 puellarum
384 722 558 797 annales?
579 746 649 814 qua
665 731 774 794 aetate
792 725 907 794 solent
923 725 1083 817 plerique
1099 725 1214 799 efferri

168 859 231 928 spe
261 845 300 909 et
329 839 493 930 cupidine
521 839 559 907 in
587 840 721 930 majora
748 841 868 910 omnia
897 864 938 911 ac
968 840 1213 933 splendidiora,

167 975 275 1042 quam
303 976 367 1044 pro
395 953 540 1023 modulo
564 954 710 1025 humani
736 955 891 1048 generis,
907 955 1039 1024 nedum
1062 979 1125 1048 pro
1151 978 1214 1027 sua

166 1069 423 1139 mediocritate.
804 1134 807 1141 .
975 1081 977 1087 ”

217 1184 325 1268 Quod
349 1195 471 1257 nutem
495 1187 600 1256 finxit
617 1185 803 1278 AEschylus
827 1185 920 1255 allici
947 1187 1089 1255 camin
1113 1199 1214 1279 prata

168 1299 328 1382 Lernaea,
345 1301 392 1373 *in
421 1325 551 1394 pascua
580 1310 618 1372 et
647 1299 753 1375 ovilia
781 1301 890 1393 patris
919 1300 1066 1383 Inachi;
1094 1303 1213 1373 nescio

167 1437 251 1486 ome
276 1439 323 1487 an
344 1416 434 1487 illud
457 1418 651 1512 significare
675 1416 837 1500 voluerit,
859 1417 953 1507 quod
970 1416 1112 1487 ¹habeut
1138 1440 1214 1488 mo-

166 1532 394 1603 lestissimum
416 1535 631 1626 perturbatae
649 1534 825 1625 juvenum
850 1540 1011 1615 mentes3
1035 1532 1213 1606 insinuare

167 1641 389 1719 seridelicet
410 1650 508 1720 miris
525 1651 647 1720 ,modis
668 1671 797 1732 novam
813 1671 893 1720 eam
911 1649 1212 1740 perturbationem

166 1761 203 1832 in
229 1762 307 1833 loca
331 1764 417 1856 ipsa,
435 1788 516 1857 quae
541 1766 697 1835 maxime
724 1765 795 1834 sint
820 1763 947 1855 cuique
970 1762 1155 1837 familiaria
1175 1773 1213 1841 et

167 1885 277 1969 grata,
303 1878 360 1949 vel
386 1879 642 1951 consuetudine
668 1878 827 1971 pueritiae
852 1877 911 1948 vel
936 1879 1108 1951 memoria
1134 1901 1213 1970 pro-

168 1992 389 2084 pinquomm.
810 2055 814 2062 .
1086 2061 1089 2066 .

217 2107 327 2179 Porro
345 2111 474 2193 videte,
491 2133 597 2202 quam
622 2110 763 2203 penitus
787 2111 963 2180 insideant
980 2108 1212 2202 cogitationes

168 2225 245 2295 istae
261 2224 301 2294 in
316 2226 452 2296 intimis
468 2225 684 2298 misellorum
703 2226 877 2296 cordibus.
924 2225 1060 2296 Eadem
1078 2224 1212 2295 scilicet

169 2337 220 2421 Io,
245 2339 352 2433 longo
377 2359 458 2432 post
482 2350 653 2434 tempore,
678 2343 833 2412 cruciata
859 2349 896 2411 et
921 2364 1025 2433 poene
1051 2341 1213 2410 confecta
1294 2429 1298 2436 Ι

169 2455 351 2536 erroribus,
366 2457 463 2525 venit
478 2457 696 2526 sciscitatum
711 2455 882 2526 Dodonaei
900 2455 924 2525 J
926 2457 1000 2545 ovis
1018 2451 1198 2525 oraculal:

748 2597 790 2653 ἵνα

375 2688 480 2754 μαντεῖα
493 2685 569 2741 θᾶκός
580 2684 601 2739 τ’
615 2684 674 2740 ἐστὶ
687 2689 847 2754 θεσπρωτοῦ
860 2686 929 2747 Διὸς,

375 2771 451 2842 τέρας
461 2772 483 2826 τ’
497 2772 617 2836 ἄπιστον,
630 2773 656 2826 ai
667 2770 830 2843 προσήγοροι
843 2771 925 2841 δρύες·

375 2857 421 2928 ὑφ’
434 2859 469 2912 ὣν

170 2947 230 3037 (sic
248 2949 361 3039 ipsam
378 2947 569 3038 alloquitur
586 2949 699 3041 vates)

494 3059 529 3114 σὺ
540 3061 665 3130 λαμπρῶς
676 3056 697 3111 κ’
711 3058 785 3113 οὐδὲν
797 3057 954 3129 olimpico

374 3144 587 3216 προσηγορεύθης
598 3145 613 3214 ἡ
626 3146 688 3201 Διὸς
699 3143 785 3213 κλεινὴ
797 3140 881 3214 δάμσρ

375 3230 502 3298 μέλλουσ’
515 3231 633 3287 ἔσεσθαι·
652 3235 711 3286 τῶν
728 3230 760 3284 δὲ
776 3231 967 3300 προσσαίνει
986 3230 1023 3285 σε’
1040 3252 1078 3284 τι.

168 3369 377 3440 Brevissime
407 3378 444 3439 et
473 3372 675 3441 acutissime
705 3371 834 3464 tetigit,
857 3370 1002 3440 dimidio
1028 3369 1210 3452 versiculo,

167 3487 361 3556 mirandam
376 3507 460 3556 sane
476 3508 572 3556 rem:
596 3485 752 3557 adamari
764 3486 1025 3578 quodammodo
1042 3508 1064 3555 a
1080 3483 1211 3554 talibus

168 3602 409 3695 aegritudinem
442 3624 554 3672 suam.
612 3600 802 3694 Agnovere
833 3623 965 3672 coecam
998 3608 1035 3670 et
1068 3601 1210 3669 inanem

168 3735 273 3806 spem,
293 3716 506 3798 acerbissimi
525 3717 653 3787 doloris
671 3716 859 3799 comitem3
888 3739 930 3786 ea
947 3724 1068 3785 tamen
1094 3736 1209 3804 neque

168 3829 266 3901 facile
293 3840 424 3913 carent,
450 3855 565 3923 neque
591 3856 661 3902 uon
688 3833 790 3903 avide
818 3839 962 3924 captant
983 3840 1108 3900 tenues
1134 3830 1209 3919 ejus

168 3948 260 4036 quasi
276 3947 450 4039 reliquias,
469 3947 574 4043 longo
592 3946 778 4017 intervallo
795 3948 925 4016 iterum
943 3944 1052 4014 semel
1071 3945 1170 4013 visas.

591 4199 701 4252 “Proca
715 4199 776 4268 829.
