2768 4876
160 320 227 385 818
478 320 761 395 postomia
773 319 899 386 moilla.
1054 342 1151 387 nun.
1161 344 1210 385 ιι.

162 492 307 565 demum
325 513 407 563 enm
424 490 571 564 Poetios
586 492 679 562 bono
694 493 763 585 ogi,
780 514 863 563 enm
879 492 1123 564 meminerunt
1138 493 1212 586 ejus

161 613 349 688 amatores,
362 606 455 677 dono
468 606 544 677 dnri
560 628 640 676 eom
653 605 865 689 hominibus,
876 629 958 698 quae
971 629 1067 676 verae
1081 607 1211 679 Pietati

162 721 341 804 inserviat,
361 720 572 792 honestioris
595 720 778 812 eujusdam
804 720 941 791 onoillae
967 721 1067 792 loeo:
1095 722 1212 814 itaque

162 835 230 907 ooli
257 858 335 906 eam
358 836 489 907 debere
513 859 586 906 non
604 835 730 916 verbis,
747 835 809 904 sed
832 858 870 905 re
892 859 935 905 ao
954 838 1114 919 veritate,
1131 860 1211 907 oum

162 950 260 1021 omni
277 952 500 1035 verecundis,
517 949 726 1034 constantia,
737 951 953 1021 castimonia.
997 950 1055 1021 Ex
1072 951 1129 1022 his
1145 953 1212 1022 uti-

162 1090 233 1159 que
263 1066 433 1158 pendebit
461 1066 624 1137 universa
649 1087 740 1159 spes,
760 1088 868 1159 quam
891 1064 998 1135 hodie
1027 1067 1211 1160 concipere

162 1179 346 1263 sudemus,
369 1180 445 1250 fore
470 1178 658 1271 aliqnando
684 1188 726 1250 nt
750 1179 863 1271 major
888 1179 949 1250 ille
975 1190 1014 1250 et
1040 1181 1212 1252 excelsior

164 1294 316 1367 Poeseos
339 1316 457 1380 sonus,
476 1294 537 1387 qui
561 1294 723 1389 pluribus
737 1294 816 1387 jam
837 1295 937 1367 annis
959 1295 1056 1389 spud
1081 1319 1147 1368 nos
1163 1297 1212 1367 vi·

162 1410 253 1505 guit,
267 1410 402 1481 bonum
424 1418 594 1481 eventum
619 1410 828 1503 exitumque
851 1410 992 1492 habent,
1010 1410 1210 1483 felicissimo

163 1525 385 1597 incremento
415 1546 538 1597 eorum
567 1524 776 1608 studiorum,
806 1548 884 1618 qnae
911 1526 1052 1619 proprie
1083 1524 1212 1597 Divino

163 1640 396 1734 appellantur.
442 1638 549 1711 Faxit
565 1640 670 1712 Dsos
686 1638 731 1713 Ο.
751 1639 806 1710 Μ.
823 1641 852 1712 si
869 1640 953 1734 quid
976 1639 1049 1712 talo
1066 1641 1211 1713 forsitan

164 1754 247 1850 Ipse
275 1756 483 1839 decreverit,
513 1779 559 1827 ne
588 1756 625 1826 id
655 1755 761 1849 culpo
788 1765 947 1830 nostrum
976 1756 1127 1851 alicujus
1155 1757 1209 1828 vel

164 1872 312 1944 minime
327 1895 373 1943 ex
390 1882 491 1966 parts
508 1873 571 1943 fiet
586 1870 746 1944 irritum!
