2768 4876
164 344 262 394 rust.
275 344 364 390 xxm.
422 322 550 388 ιοονίίι
565 321 649 389 ludis
664 322 818 387 transduc
831 343 987 408 usurpare.
1150 324 1214 388 483

163 499 260 575 haud
294 497 475 568 immerito
495 494 702 566 ‘Pindarum
736 505 887 587 occupat
920 497 1013 567 circa
1048 503 1143 566 rotas
1177 503 1215 566 et

165 623 347 685 temonem
365 620 403 683 ct
420 612 696 682 instrumentum
713 610 896 703 gymnasii.

215 729 416 802 Veniamus
432 727 476 798 ad
495 726 564 797 alia
581 726 793 796 certamina:
818 749 968 817 quorum
985 729 1057 797 duo
1073 745 1145 797 non
1162 727 1215 796 in—

166 842 272 914 docte
289 843 411 936 tetigit
430 840 589 933 Scriptor
605 861 676 910 uno
693 840 754 910 illo
772 841 943 911 versiculo
954 837 983 923 ¹¹,

377 990 482 1059 πλαγᾶν
495 987 591 1058 δρόμον
602 986 785 1058 εὐθυπορῆσαι.

164 1113 265 1206 Apte
299 1108 482 1204 conjungit
518 1110 610 1180 ictus
643 1103 804 1204 pugilum
837 1133 921 1180 oum
954 1129 1057 1180 cursu
1091 1129 1214 1179 eorum

164 1226 225 1317 qui
258 1224 374 1294 stadio
404 1230 563 1293 certant:
601 1246 683 1292 cum
717 1232 866 1314 utraque
896 1244 951 1291 res
980 1223 1029 1303 in,
1047 1245 1089 1290 eo
1118 1244 1216 1312 mag-

164 1361 296 1432 nopere
320 1347 489 1418 versetur,
510 1345 551 1407 ut
576 1339 701 1407 tendat
726 1337 852 1429 aliquis
878 1338 1021 1420 directe,
1040 1360 1109 1428 quo
1133 1335 1215 1405 ferri

165 1455 264 1526 velit.
312 1454 435 1547 Pergit
453 1453 581 1523 deinde
598 1453 742 1523 laudare
759 1454 916 1547 pugilem
934 1455 1116 1534 victorem,

379 1606 459 1677 χερσὶ
471 1602 566 1674 δέξιον,
579 1609 630 1680 νόιρ
642 1605 791 1661 ἀντίπαλον.

166 1733 275 1817 Quasi
289 1733 397 1814 dicat,
410 1730 529 1799 animo
543 1750 625 1799 eum
644 1749 783 1823 semper
795 1727 937 1811 adesse;
961 1729 1070 1799 etiam
1082 1727 1144 1797 ubi
1158 1750 1217 1797 ve-

166 1846 431 1920 hementissime
448 1853 636 1939 pugnetur,
654 1846 806 1938 plurima
822 1846 933 1916 ferme
951 1844 1096 1915 oonsilio
1118 1845 1186 1935 agi.

214 1963 303 2034 Alio
330 1962 368 2033 in
393 1963 549 2032 carmine
577 1963 695 2055 prodit
723 1963 819 2032 idem
849 1962 953 2032 luctae
978 1985 1119 2053 quoque
1145 1984 1215 2030 non

168 2080 309 2172 ignarus
321 2071 341 2147 ἰ.

379 2201 434 2257 οἶον
445 2202 535 2258 αίνέων
547 2224 575 2256 κε
587 2203 733 2272 Μειλησίον
746 2204 817 2276 έρίδα
829 2206 975 2276 στρέφοι.

379 2288 480 2360 ῥήματα
492 2289 621 2353 πλέκων,
634 2289 834 2349 ἀπάλαιστος
850 2293 877 2347 έν
889 2296 960 2364 λόγῳ
972 2292 1066 2355 ἕλκει,

381 2374 466 2446 dyada
477 2375 525 2444 μέν
536 2374 655 2446 φρονέων
667 2374 764 2440 ἐσλοῖς,

380 2462 477 2532 τρόχος
489 2462 517 2516 δὲ
529 2463 696 2533 παλιγκότοις
710 2461 853 2533 ἔφεδρος.

215 2594 338 2679 Quid?
362 2617 448 2686 quas
468 2593 534 2663 sibi
552 2593 720 2664 formulas
733 2592 914 2688 excogitat
926 2590 1106 2677 Pindarus,
1119 2603 1228 2665 more

170 2712 327 2781 omnium
348 2710 414 2801 ,qui
440 2710 596 2779 carmina
622 2710 759 2803 fingunt
788 2711 956 2805 longiora,
978 2734 1126 2802 quarum
1150 2735 1217 2804 ope

169 2827 222 2897 vel
248 2825 399 2895 incitare
425 2847 463 2894 se
480 2826 536 2894 vel
561 2825 749 2895 incitatum
773 2849 937 2896 revocare
963 2827 1074 2910 solet3
1100 2849 1217 2895 nonne

170 2964 224 3012 eas
250 2941 441 3033 saepissime
463 2940 614 3033 legimus
637 2939 752 3010 efferri
770 2939 884 3012 verbis
902 2965 922 3010 e
938 2961 976 3010 re
998 2944 1217 3035 gymnastico

170 3055 313 3148 petitis?
350 3048 403 3124 Ut
421 3052 466 3124 ad
485 3053 681 3123 Hieronem
701 3052 915 3125 laudandum
932 3056 1138 3148 aggrediens
1149 3051 1176 3138 ¹¹,

380 3182 461 3253 ἄνδρα
474 3181 496 3235 δ’
509 3181 560 3253 έγδ)
572 3185 663 3244 κεῖνον,
675 3182 770 3253 inquit,

378 3271 480 3338 αἰνῆσαι
492 3276 614 3338 μενοινῶν
624 3272 738 3340 ἔλπομαι

379 3356 414 3426 μὴ
425 3357 611 3428 χαλκοπάραον
623 3355 708 3411 mord
722 3358 785 3411 ὅσει
797 3355 818 3410 τ’
832 3355 930 3427 ἄγονος
945 3358 1037 3420 βαλεῖν
1049 3355 1099 3423 ἔξω
1111 3359 1218 3426 παλαμᾷ

452 3443 554 3506 δονέων,

379 3529 464 3600 μακρὰ
476 3530 504 3583 δὲ
515 3529 609 3600 ῥίψαις
620 3523 763 3598 ἅμεύσεσθ
774 3525 882 3584 ἀντίους.

218 3651 362 3722 Petitur
386 3651 566 3722 interdum
584 3675 605 3723 e
621 3651 821 3722 Discobolis
847 3651 1047 3722 translatio:
1074 3671 1120 3721 ne
1145 3651 1218 3720 cui-

166 3788 275 3859 quam
293 3766 530 3836 certaminum
548 3769 744 3861 denegetur
760 3766 827 3836 iste
844 3767 957 3836 honos
967 3761 987 3834 ¹.

379 3902 464 3972 μακρὰ
476 3900 613 3970 δισκήσαις
624 3899 806 3972 ἀκοντίσσαιμι
818 3900 933 3965 rorone,
946 3900 1011 3957 ὅσον
1022 3901 1103 3972 ὀργὰν

379 3989 547 4058 Ξεινοκράτης
558 3987 623 4059 ὑπὲρ
635 3986 769 4057 ἄνθρωπον
780 3991 902 4060 γλυκεῖαν

379 4073 468 4144 ἴσχεν.

205 4237 216 4270 ¹¹
233 4239 324 4295 Ιιιίιπι.
336 4239 372 4294 iv.
387 4239 429 4310 76.
580 4264 582 4268 ¹
607 4240 615 4278 ί
634 4241 707 4295 Nem.
721 4259 746 4306 4.
763 4254 821 4310 150.
1012 4242 1023 4272 ¹¹
1041 4243 1119 4311 Pytk.
1136 4258 1159 4295 1.
1173 4242 1216 4295 81.

197 4322 281 4380 ίιιίιπι.
295 4341 321 4380 2.
335 4337 380 4396 51«

654 4417 738 4484 rit
