2768 4876
166 288 239 374 ’718Ι
323 306 472 392 Virpiliru
486 307 649 370 adalam
663 307 734 370 rori
747 329 777 371 ro
791 307 975 372 adductum
994 331 1089 372 rnna.
1102 332 1212 374 xxxvi.

165 493 291 574 sponte
308 502 378 550 non
397 481 551 550 incurrat
568 502 623 550 res
641 481 716 572 ipsa
733 481 769 549 in
788 479 982 574 legentium
999 481 1141 552 oculos:
1170 491 1211 552 nt

166 598 409 678 concedamus,
421 596 572 666 dubitari
590 618 702 688 posse,
716 620 761 666 an
778 596 873 667 aliud
892 598 1081 690 quicquam
1098 600 1211 692 magis

165 723 291 784 sonent
312 711 466 782 carmina
492 712 576 804 ejus,
594 735 701 803 quam
726 714 815 782 ruris
839 735 880 784 oc
906 721 1040 784 naturae
1066 713 1209 784 laudes:

165 830 273 921 ipsius
299 827 420 898 Poetae
445 827 615 897 habemus
641 809 815 898 directum
841 837 879 898 et
907 837 1070 921 apertum
1098 829 1144 899 de
1173 850 1212 900 ae

165 967 297 1036 suaque
325 941 444 1012 indole
471 941 737 1025 testimonium
766 942 835 1013 illis
857 942 1022 1014 videlicet
1044 945 1211 1025 versibus,

165 1059 223 1151 qui
246 1059 322 1150 jam
354 1080 424 1126 non
450 1055 560 1126 semel
586 1057 734 1127 anobis
759 1057 897 1127 recitati
926 1067 1031 1140 sunt3
1062 1081 1210 1150 qnorum

165 1174 239 1244 haec
257 1173 402 1243 tandem
419 1195 558 1242 summa
575 1173 714 1244 evadit:

307 1317 380 1372 Rura
391 1315 456 1370 mihi
468 1325 494 1370 et
505 1317 576 1386 rigui
587 1318 707 1387 placeant
719 1312 748 1372 in
758 1317 872 1372 vallibus
884 1335 992 1381 amnes3

306 1403 428 1458 Flumina
439 1420 526 1456 amem
538 1405 678 1476 sylvasque
690 1404 828 1476 inglorius.

166 1523 253 1607 Illis,
265 1526 420 1616 inquam,
432 1525 588 1594 versibus
606 1525 705 1596 velut
723 1549 769 1594 ex
786 1526 902 1596 edicto
921 1526 1077 1597 declarat
1088 1527 1209 1610 Poeta,

164 1662 316 1731 quonam
337 1639 422 1710 velit
445 1662 521 1710 esse
546 1639 635 1723 loco,
653 1663 810 1732 quasque
832 1664 870 1712 se
890 1649 1012 1712 tenere
1035 1642 1211 1737 intelligat

164 1761 282 1844 partes
304 1755 341 1822 in
367 1752 474 1824 choro
499 1752 561 1822 illo
587 1753 805 1823 sanctissimo
829 1763 995 1844 coetuque
1012 1752 1209 1826 Musarum.

166 1867 371 1960 Eademque
387 1869 498 1937 ferme
515 1870 616 1938 istius
641 1869 829 1938 sententiae
847 1868 899 1937 vis
916 1890 992 1938 esse
1010 1869 1152 1939 videtur
1175 1873 1210 1940 in

164 2007 203 2052 re
225 1983 374 2075 poetica,
392 2007 433 2053 ac
450 1985 569 2076 siquis,
587 1994 629 2053 ut
645 1984 696 2065 fit,
714 1985 750 2053 in
768 2006 806 2052 re
824 1983 942 2053 divina
958 1985 1043 2075 quid
1069 1987 1210 2068 sentiat,

164 2100 410 2192 proferendum
429 2110 539 2184 curet,
557 2103 737 2193 conceptis
756 2102 800 2170 de
817 2124 915 2170 more
932 2103 1057 2172 verbis.

215 2215 337 2306 Atque
367 2214 421 2285 his
447 2215 590 2308 quidem
616 2217 784 2296 versibus
811 2217 980 2285 maturior
1006 2239 1089 2286 cum
1118 2227 1211 2288 esset

165 2340 241 2400 tum
266 2331 366 2400 annis
384 2339 461 2400 tum
480 2353 545 2401 usu
563 2331 749 2413 scribendi,
768 2341 934 2422 tanquam
960 2355 1005 2402 ex
1032 2332 1212 2424 superiore

165 2445 243 2514 loco
267 2446 311 2514 de
334 2468 371 2514 se
390 2444 567 2537 judicasse
585 2447 744 2515 videtur:
771 2447 832 2515 sed
850 2447 974 2515 eadem
994 2446 1107 2516 ferme
1125 2448 1212 2517 omi-

164 2569 267 2630 natus
295 2571 379 2641 erat,
408 2584 487 2651 quae
518 2561 586 2629 fnit
616 2561 690 2653 ejus
720 2561 916 2652 prudentia,
943 2584 1024 2629 eum
1056 2563 1210 2652 primum

165 2676 335 2745 Bucolica
351 2676 527 2768 pangebat
539 2686 561 2744 θ.

305 2805 375 2858 Cum
388 2822 508 2858 canerem
521 2822 597 2875 reges
609 2814 635 2858 et
647 2806 745 2874 praelia,
760 2806 891 2876 Cynthius
903 2823 995 2858 aurem

305 2890 394 2952 Vellit,
407 2899 433 2942 et
445 2889 592 2953 admonuit,
607 2890 752 2954 Pastorem,
764 2892 863 2962 Tityre,
876 2892 989 2961 pingues

305 2974 414 3029 Parcere
426 2985 529 3045 oportet
541 2994 612 3040 oves,
626 2975 771 3031 deductum
784 2976 869 3031 dicere
882 2994 996 3030 carmen.

164 3097 347 3192 Intelligas
377 3100 532 3181 fortasse,
553 3099 689 3170 Varum
713 3101 900 3191 quendam,
927 3099 1132 3190 primarium
1161 3098 1211 3166 vi-

164 3237 251 3295 rum,
271 3238 350 3284 cnm
370 3214 482 3284 Poeta
508 3216 630 3306 egisse,
652 3225 693 3282 ut
719 3215 847 3283 omisso
872 3237 1002 3306 genere
1027 3212 1090 3282 illo
1117 3222 1210 3282 tran-

163 3327 273 3419 quillo
298 3341 335 3398 et
363 3331 502 3422 agresti,
528 3329 703 3399 conferret
733 3353 770 3398 se
798 3331 915 3420 potius
945 3331 987 3397 ad
1017 3327 1210 3398 Homerica

164 3443 325 3534 quaedam
345 3444 537 3513 scribenda.
590 3442 711 3512 Talem
735 3442 889 3534 aliquam
916 3443 1207 3536 significationem

164 3557 306 3640 habent,
324 3560 358 3627 ni
378 3559 490 3641 fallor,
509 3582 588 3649 quae
607 3560 766 3650 proxime
784 3558 828 3628 ab
846 3559 900 3628 his
918 3558 1104 3650 leguntur:

304 3692 385 3747 Nunc
397 3712 447 3764 ego
461 3695 586 3765 (namque
598 3711 678 3764 super
689 3693 737 3747 tibi
749 3703 836 3758 erunt,
849 3696 896 3765 qui
907 3694 994 3748 dicere
1005 3693 1107 3756 laudes,

304 3780 382 3844 Vare,
395 3789 455 3856 tuas
468 3781 584 3850 cupiant,
598 3788 624 3835 et
636 3780 720 3833 tristia
732 3781 845 3835 condere
857 3781 937 3848 bella)

304 3866 444 3935 Agrestem
456 3867 529 3920 tenui
542 3866 688 3920 meditabor
700 3865 829 3921 arundine
842 3867 961 3921 Musam.

165 3985 241 4056 Illis
272 3986 436 4057 videlicet
469 3989 700 4060 monitoribus
730 3990 828 4080 quasi
863 3988 987 4057 ludens
1020 3988 1208 4079 respondet

165 4099 348 4192 Virgilius,
375 4101 440 4170 sibi
467 4101 550 4170 olim
578 4101 632 4171 vel
660 4101 874 4171 adolescenti
902 4103 938 4171 in
964 4108 1122 4170 mentem
1150 4121 1208 4168 ve·

602 4289 614 4318 ⁸
629 4280 689 4334 Ecl.
703 4280 728 4333 6.
743 4297 767 4334 2.
