2768 4876
177 308 240 376 768
299 310 500 394 Propriorum
516 312 561 372 cis
575 311 609 371 in
626 311 759 373 Pictura
776 312 962 396 Virpiliooo.
987 333 1225 376 raanxxxvru.

314 478 376 536 Qua
388 479 463 546 niger
475 477 611 531 humectat
623 478 745 532 flaventia
758 480 829 531 culta
844 479 962 540 Gelestae,

315 565 450 633 Corycium
463 563 560 617 vidisse
575 582 681 618 senem:

171 689 208 747 et
240 703 316 769 quae
344 689 549 769 sequuntur,
581 680 763 748 notissima
798 678 969 748 omnibus.
1023 679 1067 748 Id
1101 690 1222 751 autem

171 793 458 863 animadvertatis
469 793 576 862 velim
590 795 627 861 in
637 794 844 864 mollissimo
861 793 922 863 illo
936 797 1102 879 carmine,
1116 820 1222 888 quam

171 909 241 976 vim
261 908 414 977 habeant
438 907 516 977 loca
543 911 614 977 suis
641 908 820 978 vocabulis
844 910 990 1002 signata.
1045 909 1223 982 Praestant

170 1023 337 1090 nimirum
373 1021 552 1091 historiam
592 1023 738 1090 minime
773 1024 1075 1092 commentitiam:
1116 1024 1221 1116 plane

172 1138 264 1206 sicut
289 1138 325 1204 in
352 1137 419 1205 hoc
446 1137 650 1227 quotidiano
677 1159 838 1205 sermone
865 1145 942 1204 tum
969 1137 1115 1206 demum
1145 1161 1222 1207 nar-

170 1254 261 1321 ranti
288 1253 452 1332 creditur,
471 1275 552 1321 cum
578 1275 633 1321 res
652 1275 798 1343 quaeque
826 1253 1126 1322 circumscribitur
1152 1256 1221 1323 suis

171 1378 207 1436 et
225 1368 319 1436 horis
337 1377 374 1436 et
392 1368 602 1459 regionibus.
654 1365 777 1457 Atque
795 1391 837 1437 ea
854 1390 908 1436 res
932 1369 1065 1458 pendet
1084 1392 1131 1437 ex
1149 1369 1221 1439 sola
1253 1411 1255 1416 ,

169 1485 352 1552 mentione
374 1485 578 1552 nominum:
605 1482 797 1552 accedente
815 1483 960 1564 scilicet,
979 1483 1114 1553 cumuli
1133 1484 1219 1566 lucc,

170 1601 196 1668 si
224 1600 318 1689 quod
347 1599 480 1668 habent
511 1598 649 1690 singula
676 1599 770 1689 quod
798 1599 930 1668 eximie
957 1599 1121 1690 placeat3
1149 1604 1220 1670 sive

171 1715 388 1795 amoenitate,
406 1736 467 1783 seu
487 1736 603 1782 rerum
621 1725 801 1806 gestarum
820 1715 1000 1796 memoria,
1019 1715 1094 1784 sive
1112 1715 1220 1806 (quod

170 1831 237 1897 erit
255 1831 365 1898 instar
382 1830 555 1918 omnium)
574 1839 794 1899 sacrosancta
811 1829 991 1922 religione.

221 1944 413 2037 Pergamus
431 1945 475 2013 ad
493 1943 597 2013 aliam
616 1946 806 2035 picturam·
819 1947 919 2036 cujus
936 1945 1218 2036 pulchritudinis,

168 2081 228 2128 me
258 2059 400 2149 quidem
430 2060 561 2150 judice,
591 2083 670 2151 pars
697 2083 768 2129 non
801 2060 949 2130 minima
977 2061 1130 2129 debetur
1159 2083 1220 2128 no-

168 2175 323 2243 minibus
348 2173 504 2242 locorum
532 2176 599 2243 rite
626 2198 666 2244 ac
687 2176 850 2268 gnaviter
874 2177 1023 2269 injectis
1077 2176 1217 2266 Nempe

168 2291 249 2360 ubilt
276 2289 481 2380 “pastorale
507 2292 645 2383 signum
672 2291 770 2359 cani”
796 2299 914 2360 narrat
939 2291 983 2360 ab
1007 2314 1078 2360 una
1102 2289 1218 2380 aliqua

169 2402 363 2484 Furiarum,
388 2403 584 2473 “Tartarea
607 2427 701 2485 voce,
721 2428 790 2494 qua
814 2407 974 2495 protinus
1000 2426 1108 2472 cuine
1126 2403 1218 2472 Con-

168 2519 314 2585 tremuit
340 2540 465 2586 nemus
483 2528 519 2586 et
538 2518 647 2610 sylvae
665 2520 850 2587 intonuere
868 2519 1051 2609 profundae
1064 2518 1092 2586 :''
1119 2518 1217 2606 quid-

168 2656 248 2701 nam
268 2633 374 2701 fuisse
397 2634 432 2700 in
451 2657 555 2703 causa
572 2638 793 2717 existimatio,
811 2659 873 2704 cur
894 2635 999 2725 hujus
1017 2643 1054 2703 et
1073 2634 1216 2702 alterius

167 2746 285 2838 anguli
305 2769 433 2814 nomen
452 2748 654 2817 addiderit?

308 2883 401 2936 Audiit
413 2892 437 2936 et
450 2884 543 2936 Trivia
556 2885 636 2954 longe
648 2885 731 2946 lacus,
744 2884 827 2937 audiit
840 2885 925 2938 amnis

309 2969 432 3022 Sullurea
445 2971 504 3022 Nar
516 2970 592 3022 albus
605 2988 681 3040 aqua,
694 2970 835 3041 fontesque
851 2972 943 3024 Velini.

166 3091 289 3182 Atque
316 3116 468 3184 auguror
492 3095 655 3183 equidem
680 3095 875 3162 certissima
902 3094 1114 3183 conjectura,
1143 3093 1214 3160 fore

166 3218 206 3275 ut
232 3210 265 3276 in
295 3209 360 3277 hac
387 3232 424 3276 re
451 3209 596 3278 mirifice
620 3232 657 3278 se
683 3211 784 3278 nohis
810 3210 1035 3277 commendet
1057 3209 1214 3300 ingenio-

165 3324 290 3391 sissimi
311 3325 430 3393 Poetae
452 3324 646 3405 consilium,
672 3326 777 3392 modo
805 3324 914 3393 oculis
939 3347 1082 3391 cernere
1111 3323 1213 3393 liceat

166 3440 239 3529 ipsa
265 3439 352 3520 loca,
379 3440 564 3509 intervalla
589 3443 716 3522 metiri,
745 3463 908 3509 sonorum
937 3440 1035 3529 quasi
1067 3441 1213 3531 vestigia

165 3557 282 3624 venari
304 3579 367 3647 per
384 3558 533 3647 rupium,
553 3580 747 3635 nemorum,
768 3555 976 3624 torrentium
998 3554 1187 3623 anfractus.

213 3670 270 3739 Ao
294 3672 378 3740 mihi
405 3673 547 3762 quidem
574 3672 762 3762 aliquando
787 3672 883 3738 venit
908 3672 944 3737 in
971 3678 1142 3749 mentem,
1167 3691 1209 3736 an

164 3785 217 3854 his
245 3787 400 3856 versibus
427 3788 622 3878 significare
646 3786 796 3854 voluerit
822 3784 942 3863 Poeta,
969 3783 1005 3850 id
1030 3784 1125 3872 quod
1148 3805 1211 3850 usu

165 3903 283 3968 venire
301 3904 400 3969 aiunt
421 3903 463 3969 iis
482 3903 539 3991 qui
560 3901 741 3969 latioribus
760 3901 879 3990 spatiis
896 3908 1137 3978 assueverunt,
1159 3895 1209 3964 vel

165 4017 350 4084 maritimis
395 4016 450 4085 vel
489 4016 708 4097 fluvialibus3
753 4015 949 4083 mirandum
989 4014 1025 4080 iu
1065 4013 1208 4081 modum

602 4230 616 4257 ¹
630 4222 695 4272 AErr.
711 4234 735 4290 7.
750 4235 809 4288 513.
