2768 4876
164 332 230 395 810
276 330 344 410 Qua
357 351 393 394 rc
400 339 493 416 parte
506 330 748 395 mammeas
758 328 872 394 Porcia
882 329 1032 394 Ecclesia.
1057 352 1155 392 runc.
1166 352 1213 393 xn.

165 504 309 573 tissimis
331 504 446 575 rebus.
499 503 596 574 Nam
622 514 660 574 et
690 501 897 574 Testamenti
904 499 912 548 ί
938 503 1017 574 loco
1041 504 1128 573 dicit
1154 503 1215 572 do·

165 630 284 690 natam
303 620 410 690 fuisse
435 621 612 690 veteribus
630 619 762 690 Graecis
781 619 1071 711 Philosophiam
1098 630 1137 688 et
1155 641 1216 709 per

165 757 244 804 earn
259 730 475 827 Jmtptcarik
501 734 761 825 quodammodo
787 731 953 824 potuisse,
971 733 1033 824 qui
1052 732 1214 802 Cumano

165 852 334 941 nondum
354 849 496 942 cognito
530 858 682 919 mortem
717 849 900 930 obierant3
938 858 975 917 et
1004 843 1214 940 Prophetas*

164 964 342 1056 appellare
355 965 474 1045 audet,
485 964 687 1055 quicunque
704 964 740 1032 in
758 964 913 1034 sanctius
930 962 1064 1053 aliquid
1083 963 1211 1032 civium

165 1103 307 1150 suorum
323 1079 458 1150 animos
473 1079 793 1172 erigebant,quales
806 1088 906 1148 erant
917 1077 1092 1159 Socrates,
1100 1078 1213 1160 Plato,

84 1276 96 1295 ⁹
167 1194 407 1288 Pythagoras3
433 1218 521 1286 quos
544 1217 667 1266 omnes
683 1197 734 1266 ait
752 1195 953 1265 Graecorum
972 1217 1078 1264 causa
1095 1217 1117 1262 a
1133 1193 1212 1264 Duo

165 1309 484 1391 fuisseadhibitos,
510 1311 571 1401 qui
596 1312 753 1403 ipsorum
779 1310 899 1404 lingua
926 1310 1211 1379 vaticinarentur.

166 1425 289 1517 Atque
313 1425 419 1517 hujus
444 1426 588 1517 quidem
613 1427 799 1496 sententia
824 1427 1069 1519 gravissimum
1090 1450 1160 1517 prae
1177 1449 1212 1496 se

166 1542 235 1611 fert
257 1550 449 1623 auctorem,
468 1540 576 1612 lllum
599 1541 774 1624 videlicet,
792 1542 854 1632 qui
877 1541 1126 1634 Epimenidem
1153 1565 1213 1612 no-

165 1659 360 1727 minaverat
376 1655 458 1726 ἴδιον
476 1657 621 1752 Κρητῶν
637 1661 828 1752 προφητῆν.

215 1772 295 1842 “At
313 1773 408 1842 enirn
426 1773 569 1845 fuerunt
587 1773 752 1866 praeclaro
770 1775 914 1843 nomine
929 1773 1141 1865 Scriptores,
1155 1775 1211 1864 qui

165 1888 326 1981 profanas
343 1900 594 1959 execrarentur
618 1889 761 1972 literas3
793 1889 921 1958 Poesin
940 1911 1096 1970 omnem,
1116 1890 1211 1958 velut

165 2005 286 2073 vinum
299 2004 510 2074 Daemonum
519 2016 554 2085 ¹¹¹,
565 2027 586 2074 e
597 2006 701 2075 castis
715 2003 882 2075 Ecclesiae
892 2005 1021 2074 finibus
1032 2002 1211 2086 arcerenm

167 2119 359 2191 Homerica
388 2122 496 2207 etiarn
512 2106 565 2190 'et
595 2121 781 2191 Pindarica
811 2120 973 2214 malignis
1004 2120 1130 2191 Geniis
1161 2143 1212 2190 re-

165 2234 298 2305 ferrent
332 2236 506 2329 accepta.”
559 2236 707 2307 Fateor:
748 2239 808 2307 sed
843 2237 971 2318 videte,
1005 2259 1139 2326 quaeso,
1169 2258 1210 2306 an

165 2350 272 2420 iidem
306 2351 464 2445 plerique
497 2355 683 2423 innumera
719 2355 967 2445 decerpserint,
1001 2376 1065 2444 pro
1101 2377 1139 2424 re
1172 2375 1210 2422 ac

166 2479 336 2559 ternpore,
363 2471 408 2540 de
439 2470 577 2561 scriptis
608 2468 829 2539 Gentilium:
855 2467 993 2560 an'ipsi
1024 2468 1210 2561 aliquando

165 2583 316 2676 legenda
343 2609 385 2654 ea
415 2587 654 2656 sacerdotibus
676 2585 1023 2654 commendaverint:
1061 2607 1106 2654 an
1135 2584 1210 2654 Dae·

166 2701 329 2769 monibus
355 2704 407 2771 ita
432 2703 600 2780 tribuant,
624 2710 666 2770 ut
692 2703 879 2779 fateantur,
898 2699 1017 2791 effingi
1044 2701 1211 2769 divinitus

166 2816 344 2886 universas
379 2817 490 2885 ferme
524 2817 559 2885 id
594 2839 706 2909 genus
741 2815 875 2885 fabulas
902 2817 945 2885 ad
976 2815 1140 2886 umbram
1172 2838 1211 2886 ac

166 2932 433 3001 similitudinem
460 2940 589 3002 sanctae
607 2932 774 3001 veritatis.
825 2930 945 3001 Verbo
973 2931 1113 3000 dicam:
1144 2953 1212 3000 uon

166 3046 278 3129 aliter,
298 3056 338 3114 ut
356 3048 491 3138 opinor,
510 3048 786 3137 proscripserunt
807 3046 883 3116 illas
909 3046 1028 3114 literas
1048 3046 1212 3115 Ecclesia

167 3164 335 3255 magistri,
366 3172 473 3254 atque
504 3163 587 3232 olim
618 3162 745 3230 Poesin
773 3184 914 3230 omnem
945 3161 1164 3253 relegaverat
1193 3184 1212 3229 e

168 3279 365 3369 Republica
383 3302 446 3348 sua
463 3280 611 3369 scriptor
628 3279 786 3346 omnium
803 3275 1085 3370 ‘Opqpuuiraroc
1128 3276 1213 3346 Sen-

167 3394 304 3463 tiebant
322 3396 356 3462 in
377 3418 440 3464 sua
463 3394 697 3484 qualicunque
722 3392 866 3461 civitate
887 3414 1116 3484 permagnam
1141 3393 1212 3461 fore

168 3509 297 3579 divinae
324 3512 408 3579 artis
440 3512 530 3580 vim:
566 3509 654 3578 illud
681 3509 763 3576 viris
793 3507 972 3598 equisque,
1001 3516 1043 3575 ut
1074 3509 1211 3587 dicitur,

166 3625 330 3716 agebant,
348 3634 388 3692 ut
410 3649 454 3693 ne
477 3626 513 3693 in
537 3624 690 3694 deterius
712 3647 754 3692 ea
778 3630 943 3703 verteret,
961 3644 1051 3690 ueve
1077 3623 1212 3690 umbrae

167 3747 204 3806 et
221 3741 382 3832 imaginis
399 3742 525 3820 studio,
544 3740 581 3808 id
605 3741 698 3830 quod
720 3740 756 3807 in
784 3737 921 3807 Judaeis
941 3737 1016 3804 lieri
1036 3737 1212 3815 videbant,

167 3855 312 3946 abipsa
339 3879 375 3924 re
402 3879 442 3924 ac
469 3857 618 3924 veritate
644 3862 889 3924 averterentur
914 3853 1032 3921 animi.
1087 3852 1213 3942 Itaque

166 3994 229 4062 per
246 3994 305 4042 eos
323 3980 464 4041 maneat
485 3971 579 4050 licet,
597 3970 871 4040 instrumentum
891 3967 980 4036 illud
1008 3990 1115 4036 omne
1134 3991 1213 4058 poe·

202 4202 210 4240 ἱ
230 4203 258 4256 S.
273 4204 356 4258 Clem.
371 4205 446 4258 Alex.
461 4207 556 4259 Strom.
571 4205 595 4258 6.
610 4205 653 4275 67.
742 4203 757 4242 ¹¹
775 4203 843 4257 ibid.
857 4220 879 4256 1.
893 4219 936 4272 99.
1020 4199 1029 4237 ¹
1048 4200 1116 4252 ibid·
1133 4217 1156 4253 1.
1170 4214 1212 4269 59·

167 4297 183 4318 ¹¹
203 4289 265 4341 Vid.
281 4290 380 4343 Bacon.
394 4292 425 4344 de
437 4293 527 4360 Auym.
542 4293 638 4345 Solent.
654 4304 677 4361 7.
691 4307 716 4360 3.
743 4290 824 4359 Oper.
839 4301 863 4358 7.
877 4301 937 4356 371.
962 4285 1048 4339 Lond.
1065 4287 1141 4355 1803.
