2768 4876
166 332 230 393 542
332 332 516 414 Affmmtur
529 341 589 395 trae
604 352 714 409 musca,
730 352 785 395 our
799 330 964 395 Pindum
1007 353 1209 395 ramma.

167 500 314 571 Habent
329 501 407 572 haec
424 500 625 571 libertatem
646 502 793 570 minime
811 501 1131 572 contemnendam:
1160 511 1211 594 ty·

165 638 313 685 rannum
332 616 425 684 enim
445 615 640 685 Hieronem
658 614 859 707 alloquitur.

215 731 414 822 Quidque
439 733 638 824 granditate
664 732 861 812 verborum,
889 754 959 823 qua
983 753 1208 810 numerorum

165 845 387 937 plenitudine
401 846 612 916 Corinthum
630 845 796 928 celebrat,
816 870 933 916 arcem
952 846 1210 937 quodammodo

165 969 203 1029 et
224 961 409 1032 castellum
431 985 564 1042 eorum,
583 963 784 1053 quicunque
810 986 873 1054 per
897 964 1099 1032 universam
1117 961 1211 1031 Grae-

166 1077 256 1145 ciam
273 1078 431 1169 partibus
448 1079 674 1169 optimatium
692 1100 729 1147 se
746 1078 954 1148 addixerant
965 1073 1004 1148 <¹2

306 1222 334 1276 ε’ν
353 1226 385 1292 τᾷ
405 1223 456 1293 γὰρ
475 1222 587 1292 Εὐνομία
605 1222 677 1286 ναίει,
697 1221 849 1293 κασίγνηταί
868 1244 906 1285 τε,
928 1221 1027 1291 βάθρον
1046 1221 1146 1275 πολίων
1164 1221 1211 1274 ἆσ-

339 1306 432 1378 dabie,

306 1394 371 1446 Δίκα
383 1395 424 1446 καὶ
436 1396 580 1463 ὁμότροπος
591 1393 695 1465 Εἷράνα,
707 1395 794 1464 ταμίαι
806 1391 915 1465 ἀνδράσι
927 1390 1052 1456 πλούτου,

304 1478 413 1549 χρυσέοι
424 1481 514 1536 παῖδες
526 1479 653 1545 εὐβούλου
666 1479 782 1549 θέμιτος·

305 1564 421 1620 ἐθέλοντι
434 1565 456 1619 d’
469 1565 571 1634 ἀλέξειν

305 1651 389 1719 ὕβριν,
402 1655 479 1724 κόρου
490 1650 588 1724 ματέρα
599 1649 774 1722 θρασύμυθον.

216 1783 321 1867 Quod
348 1792 469 1854 autem
494 1784 657 1854 laudibus
677 1783 801 1853 efferre
822 1783 911 1854 solet
930 1805 1007 1852 eam
1026 1780 1138 1851 solam
1155 1803 1212 1848 ur-

165 1899 219 1969 bis
235 1901 475 1993 gubernandae
493 1900 676 1980 rationem,
695 1901 751 1969 cui
769 1923 790 1969 a
808 1901 938 1970 teneris
959 1899 1034 1990 ipse
1052 1919 1212 1968 assueve-

165 2024 241 2098 rat3
266 2015 386 2096 nolite,
405 2039 535 2106 quaeso,
554 2025 678 2107 putare
695 2016 730 2085 id
749 2015 824 2084 lieri
841 2012 993 2107 juvenili
1014 2020 1156 2082 tantum
1174 2019 1211 2080 et

168 2129 264 2198 velut
289 2132 461 2200 amatorio
481 2131 626 2222 judicio.
681 2129 821 2220 Quippe
838 2151 910 2197 non
928 2129 1057 2197 desunt
1073 2128 1210 2196 idoneae

165 2268 286 2324 causae,
305 2270 368 2315 cur
390 2247 427 2314 in
449 2269 527 2315 eam
551 2246 771 2337 potissimum
796 2251 933 2337 partem
950 2242 1046 2311 ultro
1066 2241 1211 2311 inelina-

165 2361 236 2428 riut
262 2361 369 2429 animi
395 2383 527 2442 eorum,
554 2361 614 2451 qui
643 2367 728 2429 tune
759 2360 928 2450 temporis
954 2357 1130 2451 Olympiae
1156 2356 1211 2426 vel

76 2505 80 2514 ·
165 2474 314 2566 Delphis
340 2477 540 2545 cantabant.
592 2473 738 2545 Etenim
764 2476 868 2567 prisci
894 2475 947 2563 illi
975 2473 1125 2557 Heroas,
1151 2474 1211 2564 qui

166 2587 300 2678 Lyricis
321 2610 364 2655 eo
385 2595 545 2678 tempore
565 2590 750 2657 materiem
773 2589 968 2658 carminum
986 2587 1210 2666 uberrimam,

165 2724 210 2770 ne
237 2702 350 2769 dicam
377 2704 585 2784 universam,
604 2704 816 2794 praebebant,
835 2706 863 2774 si
885 2727 966 2773 curn
991 2704 1125 2773 caeteris
1150 2702 1213 2771 ho-

165 2817 318 2885 minibus
336 2816 569 2897 conferantur,
588 2841 705 2888 nonne
722 2821 759 2888 in
776 2819 855 2888 loco
873 2821 1092 2910 quorundam
1112 2818 1211 2909 quasi

165 2933 389 3025 optimatium
424 2943 507 3002 sunt
542 2933 721 3004 habendi?
763 2937 940 3027 quicum
976 2934 1111 3004 solenni
1150 2956 1212 3002 no·

164 3049 261 3118 mine
286 3045 471 3142 διοτρεφεῖς
497 3049 669 3132 audirent,
697 3060 784 3132 tum,
809 3060 849 3118 ut
872 3049 978 3142 vulgo
1003 3050 1211 3142 perhibeba-

165 3173 232 3246 tur,
263 3165 346 3256 ipsis
380 3165 583 3255 corporibus
617 3174 739 3235 notam
773 3165 926 3257 aliquam
961 3164 1140 3235 inviolatae
1174 3175 1211 3233 et

166 3288 297 3350 sanctae
314 3287 448 3348 naturae
465 3302 538 3369 prae
561 3303 598 3349 se
625 3280 780 3351 ferebat:
807 3304 852 3349 ex
871 3304 940 3371 quo
958 3281 1105 3350 fortasse
1122 3279 1210 3348 illud

166 3394 392 3464 Pindaricum
400 3403 423 3474 θ,

446 3504 555 3575 ἄτρωτοί
565 3528 596 3576 γε
608 3507 659 3575 μὰν
670 3508 758 3563 παῖδες
771 3508 843 3562 θεών.

166 3652 282 3746 Igitur
302 3653 360 3743 qui
386 3654 524 3723 assidue
550 3655 738 3747 cogitando
765 3656 826 3724 diu
853 3654 1057 3723 versabatur
1081 3654 1118 3721 in
1144 3654 1211 3722 ista

166 3769 263 3859 quasi
287 3767 431 3853 familia,
450 3770 510 3837 vix
534 3770 609 3839 fieri
635 3773 752 3862 potuit
770 3772 856 3861 quin
873 3771 902 3839 is
920 3792 962 3838 ea
979 3769 1071 3838 foret
1096 3769 1212 3838 imbu-

166 3892 224 3954 tus
254 3883 438 3965 sententia,
470 3895 511 3953 ut
543 3887 702 3955 crederet
737 3887 896 3956 homines
931 3886 976 3954 ab
1009 3884 1211 3954 hominibus

165 4022 294 4092 magno
321 4000 405 4069 satis
430 4001 616 4070 intervallo
643 4004 803 4093 separari,
830 4025 900 4070 non
926 4001 1017 4094 lege,
1040 4023 1112 4069 non
1139 4000 1212 4090 opi-

166 4113 281 4194 nione,
300 4115 359 4183 sed
385 4116 584 4185 discrimine
602 4118 753 4208 quodam
780 4119 912 4199 innato,
930 4116 1099 4207 nulloque
1121 4124 1209 4185 tem-

307 4365 321 4400 ‘1
336 4365 377 4418 Ol.
391 4382 430 4435 13.
445 4367 469 4418 6.
884 4379 896 4406 e
911 4370 972 4422 lstb.
987 4386 1011 4438 3.
1026 4385 1069 4438 30·
