2768 4876
168 317 232 390 796
344 320 505 406 Vispiliar,
521 323 653 406 εἰρωνείᾳ
667 343 733 384 aare
747 320 946 384 Platonicam:
992 343 1090 384 rann.
1101 343 1213 384 xxxrx.

166 493 361 584 animisque
378 493 585 562 hominum:
612 515 683 561 non
701 493 807 562 modo
830 492 1103 584 pulchritudinis
1119 517 1214 588 ergo,

167 630 288 676 verum
313 609 421 678 etiam
444 617 588 700 propter
610 608 900 701 significationem
928 630 1063 679 arcanae
1090 619 1128 680 et
1154 634 1217 680 ex·

167 723 270 795 celsae
288 724 526 816 philosophiae.
1071 707 1073 711 ⁵

217 847 288 918 Sed
310 851 353 919 ad
378 850 524 918 tertium
550 848 638 917 illud
662 870 849 940 pergamus
868 846 1011 942 Virgilii
1035 872 1117 918 cum
1137 848 1216 919 Pla-

167 973 251 1034 tone
276 966 460 1035 sentientis
478 965 667 1034 indicium:
694 986 776 1034 nam
802 965 1126 1035 manifestissimam
1151 989 1216 1035 sae·

166 1081 245 1171 pius
275 1080 420 1149 adhibet
451 1079 628 1172 ripuariam
672 1079 781 1148 nostis
811 1087 942 1161 autem,
971 1103 1080 1172 quam
1110 1080 1215 1151 vehe-

166 1205 306 1264 menter
334 1196 510 1287 pertineat
545 1217 586 1262 ea
618 1217 674 1263 res
709 1195 754 1263 ad
794 1194 1010 1265 Socraticam
1044 1196 1213 1265 indolem.

167 1308 342 1402 Εἶρωνείαν
376 1310 455 1379 dico
486 1309 594 1390 illam,
623 1330 704 1399 quae
736 1309 848 1399 primo
874 1309 1029 1380 ludentis
1060 1311 1213 1401 speciem

166 1448 236 1516 prae
263 1447 300 1494 se
323 1428 422 1506 ferat,
442 1425 580 1515 quoties
604 1423 740 1492 laudari
764 1446 852 1514 opus
878 1425 924 1492 sit
950 1424 1005 1492 vel
1032 1426 1153 1494 studia
1178 1435 1213 1494 et

165 1563 281 1610 mores
298 1540 542 1618 animantium,
559 1538 613 1607 vel
627 1538 696 1609 alia
709 1540 849 1631 quaevis,
862 1562 1013 1631 quorum
1027 1541 1213 1609 caritatem

167 1655 385 1725 dissimulare
409 1654 524 1724 solent
549 1653 729 1724 homines:
761 1677 830 1745 quo
858 1655 902 1723 de
928 1677 1058 1747 genere
1074 1656 1213 1746 jamdiu

166 1772 250 1840 satis
283 1771 397 1840 multa
426 1779 508 1841 sunt
543 1771 649 1840 dicta.
703 1770 774 1840 Sed
810 1771 1000 1839 videndum
1034 1794 1081 1841 an
1108 1771 1212 1841 altius

166 1885 295 1955 debeat
313 1888 386 1978 peti
408 1885 615 1980 Virgilianae
639 1886 927 1956 dissimulationis
945 1887 1056 1970 rati0;
1083 1888 1212 1979 quippe

166 2002 296 2072 arctius
339 2004 528 2094 conjuncta
562 2026 644 2071 cum
679 2025 761 2071 vero
796 2012 833 2071 et
867 2025 1035 2094 germano
1068 2004 1211 2094 pudore,

167 2141 319 2210 cumque
357 2121 505 2201 erudita,
536 2142 642 2211 quam
677 2128 814 2199 vocant,
844 2120 992 2198 inscitia,
1023 2143 1102 2209 quae
1138 2118 1212 2210 plu·

166 2235 256 2303 rima
277 2257 416 2325 semper
436 2257 473 2302 se
494 2235 628 2303 nescire
649 2240 687 2301 et
707 2233 862 2302 fateatur
879 2241 915 2301 et
933 2256 979 2302 ex
999 2234 1119 2302 animo
1138 2255 1213 2302 sen·

167 2349 243 2418 tiat.
305 2349 395 2418 Inde
434 2351 559 2440 saepius
600 2347 766 2418 effectum
802 2370 878 2418 esse
917 2348 1138 2430 crediderim,
1172 2356 1212 2417 ut

166 2464 264 2533 nulla
297 2465 467 2558 religione
493 2464 673 2557 Virgilius,
705 2461 784 2533 talis
814 2465 876 2544 vir,
903 2464 1122 2533 imitatorum
1158 2487 1213 2533 ca·

168 2582 274 2650 tarvis
292 2603 328 2650 se
350 2583 566 2672 adjungeret.
620 2581 741 2672 Fingit
758 2604 795 2650 se
813 2579 979 2649 videlicet
1000 2603 1212 2672 unoquoque

166 2698 320 2764 carmine
347 2719 471 2764 canere
494 2705 556 2765 aut
581 2694 763 2764 Ascraeum
786 2696 928 2786 aliquid,
953 2703 1016 2764 aut
1041 2695 1211 2776 Siculum,

167 2820 228 2879 aut
257 2809 512 2878 Homericum:
541 2832 622 2879 cum
658 2809 825 2901 pleraque
859 2820 979 2878 tamen
1014 2813 1066 2879 ita
1102 2820 1211 2880 trans-

165 2924 300 3006 tulerit,
327 2935 367 2993 ut
394 2936 430 2993 et
458 2927 596 3015 propria
619 2926 820 3006 reddiderit,
849 2934 884 2994 et
909 2925 1031 2995 multis
1055 2928 1213 3016 partibus

165 3039 320 3109 meliora.
374 3040 445 3109 Sed
467 3041 677 3109 verecundia
695 3042 845 3130 quadam
865 3049 901 3108 et
919 3040 1064 3109 fallendi
1082 3063 1213 3123 amore,

165 3154 291 3223 maluit
309 3154 395 3222 nihil
414 3155 525 3222 ferme
543 3163 710 3243 tanquam
728 3154 773 3220 de
791 3176 853 3222 suo
877 3155 1025 3223 tradere.
1087 3154 1214 3244 Itaque

166 3268 354 3337 Socraticae
376 3268 502 3337 indolis
527 3269 706 3358 specimen
732 3270 843 3338 edidit
869 3292 985 3360 neque
1006 3269 1213 3360 ambiguum

165 3404 280 3471 neque
307 3382 548 3472 injucundum.
602 3381 655 3451 Ut
681 3405 726 3450 ne
755 3383 894 3461 mirere,
922 3383 1072 3471 praeberi
1100 3382 1145 3449 ab
1173 3403 1213 3449 eo

166 3497 313 3564 eandem
331 3497 540 3565 modestiam
566 3498 601 3564 in
625 3519 662 3564 re
679 3518 818 3587 quaque
838 3496 1021 3588 graviore3
1046 3496 1213 3576 maxime,

165 3610 335 3700 siquando
369 3613 539 3702 agebatur
579 3635 744 3680 arcanum
779 3635 820 3680 ac
860 3612 1018 3679 divinum
1061 3609 1212 3699 aliquod.

166 3725 280 3796 Velut
311 3727 371 3794 ubi
398 3728 512 3818 tangit
543 3727 685 3795 ultimas
712 3727 901 3817 impiorum
933 3747 1065 3816 poenas,
1093 3748 1138 3793 ne
1164 3726 1213 3792 in·

165 3852 342 3932 terrogare
360 3842 501 3931 quidem
521 3843 604 3910 sinit
621 3823 770 3910 AEneam
789 3843 833 3910 de
850 3840 1024 3908 horrendo
1044 3846 1080 3907 et
1104 3838 1209 3907 atroci

165 3955 265 4025 loco:
292 3955 424 4024 nedum
447 3956 484 4025 in
502 3979 582 4024 eum
608 3958 726 4037 intret,
745 3979 835 4025 neve
861 3955 970 4024 oculis
994 3955 1123 4024 lustret
1141 3954 1210 4044 ejus

166 4079 303 4139 secreta
313 4079 337 4137 ².

307 4187 382 4240 Nulli
394 4189 433 4242 fas
447 4197 519 4243 casto
532 4190 687 4244 sceleratum
699 4190 820 4242 insistere
832 4189 914 4240 limen
918 4227 997 4240 .....

587 4332 679 4384 zan.
694 4330 718 4383 s.
732 4330 793 4400 5⁶3·
