2768 4876
167 341 259 383 rann.
270 342 406 383 xxxam.
428 321 603 405 prasertim
618 321 653 385 in
668 321 784 385 ultimis
800 323 952 386 AEooidoa
967 321 1063 386 libris.
1153 325 1215 390 775

167 515 305 584 prorsus
332 494 511 584 ignotam:
539 494 668 584 quippe
690 516 759 584 qua
784 517 926 563 neeesse
947 503 1001 563 est
1025 504 1215 576 transeant,

168 611 222 700 qui
254 609 369 677 Roma
396 608 574 699 Neapolin
601 611 670 677 iter
695 609 842 678 faciunt.
896 608 966 678 Sed
994 610 1028 676 in
1056 611 1215 679 tristibus

165 733 202 792 et
220 725 407 792 inamoenis
426 723 511 794 loeis
529 748 637 792 unum
659 725 745 793 illud
766 737 1005 794 commoverat
1024 727 1098 816 ejus
1117 749 1214 794 men-

168 847 239 908 tem
270 838 325 924 (ut
355 849 481 908 natura
515 863 653 930 semper
687 850 763 909 erat
798 839 984 909 fluviorum
1020 842 1214 932 praesertim

168 956 442 1044 amantissimus)
469 956 561 1047 quod
590 954 703 1024 Ufens
731 955 792 1024 ille
818 955 1009 1023 identidem
1038 978 1075 1024 se
1101 965 1217 1025 osten-

167 1070 283 1152 debat,
302 1080 438 1140 seoreto
457 1071 556 1151 calle,
575 1081 743 1162 tanquam
762 1071 906 1140 fallendi
929 1072 1116 1140 studiosus.
1169 1071 1218 1140 ll-

167 1184 234 1254 lius
259 1187 380 1277 itaque
406 1189 539 1255 nomini
566 1188 660 1256 ultro
687 1189 848 1278 adjunxit
878 1187 1046 1255 indioium
1074 1186 1216 1277 aliquod

167 1303 275 1370 animi
294 1326 363 1370 non
383 1302 486 1394 plane
504 1305 740 1373 immemoris:
763 1305 871 1371 immo
890 1326 969 1371 cum
990 1304 1064 1393 ejus
1083 1303 1215 1371 latendi

167 1417 332 1508 cupidine
351 1440 387 1486 sa
405 1419 665 1509 quodammodo
684 1420 814 1488 sentire
833 1419 1014 1512 significat.
1166 1509 1169 1514 Ι

220 1530 345 1622 Atque
376 1556 421 1601 ex
451 1533 529 1614 hoo,
560 1543 601 1602 ut
632 1536 764 1624 opinor,
793 1533 953 1613 efficitur,
984 1533 1118 1602 ultimis
1147 1533 1216 1602 illis

168 1645 336 1716 AEneidos
362 1647 459 1716 libris
484 1651 603 1717 neseio
622 1650 715 1740 quod
742 1649 824 1717 addi
843 1648 959 1728 deone,
978 1657 1016 1716 et
1034 1648 1214 1716 mirificam

168 1785 238 1852 prae
262 1764 396 1833 caeteris
419 1765 655 1846 dulcedinem,
672 1773 858 1856 propterea
875 1765 968 1854 quod
990 1764 1028 1839 in
1044 1763 1086 1832 iis
1105 1785 1219 1831 versa-

169 1886 227 1945 tur
255 1879 369 1947 Poeta
396 1879 492 1960 locis,
518 1882 576 1970 qui
605 1881 725 1971 patriae
749 1880 944 1969 domusque
969 1888 1005 1947 et
1031 1878 1218 1970 puerilium

169 2015 341 2062 annorum
355 1995 451 2064 omni
464 1997 499 2063 in
514 1995 644 2087 angulo
658 1995 863 2084 memoriam
879 1995 1088 2063 referebant.
1123 1995 1215 2063 Mihi

169 2109 340 2198 profecto,
353 2111 471 2178 statim
492 2111 536 2179 ab
554 2112 655 2179 initio
673 2110 836 2189 sextibvel
855 2119 950 2179 oerte
969 2111 1109 2200 septimi
1129 2109 1218 2190 libri,

168 2225 298 2292 mutari
319 2226 483 2295 videntur
499 2227 617 2296 omnia
635 2227 671 2294 in
689 2225 846 2294 tenerius
863 2227 1023 2316 picturae,
1041 2234 1082 2294 ut
1100 2226 1150 2294 ita
1168 2227 1219 2294 di-

170 2361 258 2420 cam,
285 2361 417 2432 genus3
444 2342 553 2411 immo
581 2343 689 2410 etiam
712 2342 786 2434 ipsa
809 2341 964 2409 locorum
989 2343 1140 2423 nomina,
1160 2342 1220 2432 qui

168 2455 258 2524 alius
275 2464 356 2546 post
374 2456 483 2526 alium
501 2457 725 2550 appellantur
737 2453 756 2523 ³.

312 2582 355 2637 Sic
368 2583 439 2637 fatur
450 2586 608 2656 lacrymans,
622 2586 752 2656 classique
764 2585 882 2638 immittit
894 2584 1011 2639 habenas

313 2670 347 2723 [lt
359 2670 468 2725 tandem
482 2672 608 2726 Euboicis
622 2673 769 2726 Cumarum
782 2673 905 2726 allabitur
917 2672 980 2725 oris.

170 2784 291 2854 Etiam
309 2782 444 2855 illudl:

307 2905 351 2958 Tu
363 2924 468 2977 quoque
480 2906 614 2961 littoribus
628 2908 734 2971 nostris,
748 2909 845 2962 AEneia
858 2909 957 2971 nutrix,

310 2991 451 3045 AEternam
463 2994 579 3047 moriens
591 2994 698 3058 lamam,
713 2993 811 3058 Caieta,
824 2994 930 3048 dedisti.

171 3097 302 3167 Nescio
326 3099 501 3190 equidem,
519 3125 563 3170 an
583 3102 744 3191 quaedam
768 3125 826 3171 me
849 3103 1001 3193 abripiat
1025 3100 1221 3170 dulcedinis

171 3238 241 3284 non
256 3239 346 3285 verae
363 3217 500 3309 imago:
523 3241 643 3286 verum
664 3218 768 3287 simul
786 3226 894 3308 atque
911 3216 1026 3286 solum
1042 3214 1219 3295 Italicum,

172 3340 326 3422 notaque
341 3330 470 3412 littora,
483 3333 642 3424 tetigerit
654 3332 835 3425 Virgilius,
848 3334 961 3402 sentio
978 3331 1126 3401 alacrius
1138 3354 1223 3421 quo-

172 3448 361 3516 dammodo
380 3450 511 3517 moveri
534 3448 724 3530 hominem,
744 3447 842 3517 velut
861 3448 931 3539 qui,
951 3446 1101 3517 fabulosi
1130 3447 1223 3516 illius

172 3559 292 3630 Antaei
317 3562 450 3644 similis,
467 3572 652 3632 mutuatus
675 3564 720 3631 sit
738 3564 829 3631 vires
846 3562 891 3632 ab
910 3563 985 3653 ipso
1003 3563 1123 3652 patriae
1141 3585 1224 3631 oon-

171 3686 280 3746 taotu.
333 3677 457 3769 Atque
483 3679 587 3768 hujus
611 3679 794 3746 suavitatis
818 3679 910 3769 apud
935 3700 1017 3746 eum
1045 3684 1145 3747 tanta
1168 3687 1222 3746 est

172 3795 233 3874 vis,
252 3802 293 3861 ut
314 3795 499 3862 medeatur
524 3816 652 3886 magna
678 3816 722 3861 ex
750 3803 850 3883 parte
876 3793 1016 3862 fastidio
1042 3815 1145 3882 paene
1171 3793 1224 3860 in-

171 3908 340 3988 credibili,
359 3932 429 3999 quo
451 3909 613 4000 prosequi
634 3907 725 3977 solet
743 3910 796 3976 vir
814 3907 1080 3998 tranquillitatis
1104 3931 1223 3976 aman-

172 4018 347 4092 tissimus¹

648 4118 729 4180 Bella,
742 4117 851 4170 horrida
862 4117 940 4179 bella,

314 4204 348 4257 Et
360 4205 470 4275 Tybrim
483 4207 567 4259 multo
581 4213 747 4273 spumantem
762 4205 900 4272 sanguine.

239 4345 328 4399 iAEn.
343 4346 367 4399 6.
385 4363 406 4399 r.
594 4345 688 4397 1111111,
707 4357 730 4414 7.
748 4362 769 4397 1.
961 4342 1050 4395 llbr'd.
1069 4341 1151 4394 186.
