2768 4876
177 294 241 354 aas
307 291 580 377 Cursocc'leferat
599 295 807 359 Thebanormn
823 299 993 376 Μηδισμόν.
1026 300 1125 361 rani.
1139 321 1224 362 xxvr.

176 463 333 534 Salamin
365 464 499 535 scilicet
529 489 570 535 ac
598 464 750 535 Plataeas
780 489 851 534 non
881 466 989 556 aequis
1019 467 1224 539 intuebatur

174 579 294 660 oculis,
312 581 372 671 qui
390 603 464 650 rem
482 604 660 671 quamque
686 604 849 674 magnam
875 605 916 651 ac
938 582 1160 674 splendidam
1178 608 1221 654 ex

175 719 293 764 earum
314 719 510 787 pugnarum
529 696 673 765 modulo
692 696 954 788 dijudicandam
970 699 1138 789 putaret?

229 808 282 878 At
313 811 408 878 enim
441 834 556 902 neque
586 813 673 882 istos
703 836 859 904 unquam
889 814 985 883 canit
1013 815 1221 907 triumphos,

174 947 262 1015 quos
280 925 341 994 tali
361 935 521 1017 tempore
538 936 706 1018 expectes
728 928 833 996 abeo
851 929 1032 1019 scriptore,
1051 930 1108 998 cui
1127 952 1222 1024 mag-

174 1063 305 1131 nopere
341 1041 386 1110 sit
417 1042 512 1110 cordi
545 1045 742 1112 communis
774 1043 921 1112 Graeciae
951 1043 1068 1126 salus;
1108 1069 1221 1138 neque

173 1178 286 1246 porro,
311 1155 347 1222 id
370 1156 463 1247 quod
494 1159 605 1248 magis
628 1158 766 1239 mirere,
788 1159 942 1248 erumpit
971 1157 1161 1250 aliquando
1185 1163 1219 1230 in

173 1272 317 1340 acerbos
334 1282 489 1362 questus,
508 1281 678 1364 tanquam
701 1275 846 1366 indigna
872 1297 926 1343 res
952 1275 998 1342 sit
1021 1298 1062 1344 ac
1084 1277 1219 1358 misera,

173 1386 372 1456 Thebarum
400 1412 541 1458 causam
560 1413 581 1458 a
598 1389 748 1460 Graeciae
773 1413 878 1459 causa
904 1391 1052 1484 sejungi,
1070 1414 1219 1484 suosque

172 1502 357 1593 populares
387 1526 469 1573 cum
499 1505 656 1596 tyrannis
684 1512 721 1573 et
749 1505 912 1575 Barbaris
940 1507 1080 1576 sentire.
1136 1506 1219 1576 Non

172 1619 265 1709 apud
280 1641 372 1700 eum,
391 1619 484 1709 quod
504 1620 655 1713 legimus
673 1621 717 1689 de
735 1619 870 1701 Alcaeo,

418 1763 527 1832 Pugnae
540 1773 566 1817 et
578 1772 684 1817 exactos
696 1772 824 1834 tyrannos

454 1851 576 1904 Densum
589 1851 708 1904 humeris
721 1850 789 1904 bibit
800 1868 863 1904 aure
875 1852 983 1921 vulgus.

224 1979 329 2049 Esto:
362 2004 482 2050 verum
509 1982 578 2050 ista
603 2004 823 2072 nequaquam
844 1981 946 2067 (mihi
969 1983 1120 2073 credite)
1138 2005 1219 2052 cum

171 2097 298 2165 nostris
321 2107 490 2188 pugnant.
544 2096 742 2166 Pertinebit
760 2098 889 2188 quippe
907 2099 951 2167 ad
971 2097 1115 2166 Pindari
1131 2097 1218 2179 ἦθος,

170 2211 280 2279 hilare
298 2210 386 2279 illud
404 2212 641 2292 celestinum,
659 2219 700 2280 ut
717 2211 815 2280 nulla
832 2234 987 2301 unquam
1011 2233 1049 2280 re
1074 2235 1220 2304 magno·

169 2349 252 2417 pere
283 2349 320 2395 se
348 2328 492 2406 cruciet,
516 2348 561 2395 ne
587 2327 708 2417 patriae
730 2326 872 2416 quidem
901 2326 1030 2395 damno
1056 2335 1094 2394 et
1121 2327 1219 2418 igno

169 2441 299 2510 minia:
326 2441 430 2533 plane
452 2451 493 2509 ut
517 2439 587 2521 ille,
605 2441 705 2530 cujus
731 2442 835 2510 modo
860 2443 1016 2511 carmina
1034 2464 1117 2510 cum
1136 2440 1218 2509 Pin-

169 2556 296 2625 daricis
319 2557 468 2624 conferri
496 2578 597 2645 posse
624 2556 837 2636 dicebamus,
860 2579 941 2624 cum
970 2556 1083 2624 indies
1106 2554 1217 2624 ferme

170 2670 286 2740 labare
304 2695 345 2740 ac
364 2671 474 2740 minui
493 2671 628 2738 videret
650 2693 708 2739 eas
726 2672 761 2739 in
785 2670 966 2761 republica
986 2679 1114 2761 partes,
1133 2694 1217 2761 qua·

167 2809 246 2854 rum
260 2788 335 2877 ipse
349 2787 609 2856 amantissimus
623 2796 708 2866 erat,
721 2809 901 2876 nunquam
916 2795 1037 2856 tanren
1049 2809 1128 2856 eam
1141 2809 1215 2854 rem

169 2912 374 2992 prosecutus
397 2911 452 2970 est
471 2901 526 2970 vel
552 2903 640 2970 irato
662 2902 717 2970 vel
742 2913 868 2971 moesto
896 2903 1070 2971 carmine:
1099 2902 1215 2978 modo,

168 3019 260 3108 quod
280 3019 424 3086 unicum
443 3017 504 3086 tali
524 3019 598 3085 viro
617 3019 816 3110 perfugium
844 3018 1001 3109 patebat,
1019 3019 1155 3108 recepit
1178 3039 1216 3085 se

166 3133 201 3199 in
234 3142 393 3201 veterum
425 3133 642 3213 memoriam,
674 3142 781 3222 atque
812 3134 846 3200 in
883 3133 1031 3201 heroum
1062 3132 1216 3213 annaleS,

167 3247 265 3316 velut
291 3248 326 3315 in
353 3256 495 3338 portum
513 3248 701 3337 quendam,
720 3271 765 3316 ex
789 3248 930 3316 turbine
952 3258 989 3316 et
1011 3246 1124 3316 fluctu
1152 3246 1217 3314 hu-

160 3362 220 3451 jus
242 3384 322 3451 quae
348 3385 442 3431 nunc
468 3371 522 3431 est
548 3363 709 3432 civitatis.
762 3363 893 3445 Quidni
917 3362 1112 3442 credamus,
1132 3360 1217 3429 Pin·

166 3476 249 3544 daro
277 3499 416 3567 quoque
443 3478 494 3545 ita
522 3477 740 3568 displicuisse
768 3477 863 3545 urbis
890 3499 964 3545 suae
990 3475 1147 3556 consilia,
1174 3483 1215 3542 ut

165 3588 201 3655 in
220 3587 353 3657 deliciis
372 3598 491 3658 tamen
514 3590 661 3658 haberet
679 3584 948 3681 urbem'ipsam,
967 3589 1142 3668 viciniam,
1161 3610 1214 3655 re·

165 3703 322 3795 ligiones,
341 3703 536 3794 priscorum
558 3707 708 3774 virorum
726 3704 981 3773 monumenta?

215 3816 339 3909 Atque
360 3818 396 3886 in
418 3817 484 3887 hac
505 3842 543 3887 re
568 3821 696 3909 primas
719 3819 822 3888 facile
849 3820 986 3888 tenebit
1010 3816 1214 3885 dulcissima

164 3934 291 4013 naenia,
308 3933 494 4025 profligata
504 3935 611 4025 juxta
628 3935 832 4026 OEnophyta
848 3934 1095 4004 Thebanorum
1115 3933 1212 4002 acie:

165 4050 209 4116 de
226 4071 296 4138 qua
319 4049 517 4131 dicendum,
537 4053 629 4141 quod
657 4053 781 4142 saepius
807 4051 843 4117 in
872 4049 1075 4128 Pindaricis,
1100 4048 1214 4116 maxi-
1246 4112 1252 4122 ,

164 4187 258 4232 marn
290 4165 364 4255 ejus
394 4165 532 4235 laudem
562 4169 643 4258 poni
671 4169 706 4236 in
733 4167 792 4234 filo
818 4167 894 4257 ipso
921 4175 957 4234 et
982 4187 1113 4257 genere
1138 4187 1213 4232 car·

164 4279 279 4358 minis
292 4281 425 4369 optime
439 4284 632 4376 comparati
647 4283 690 4351 ad
709 4281 885 4362 solatium,
898 4304 968 4349 non
987 4290 1060 4348 tam
1080 4279 1210 4347 civium
