2768 4876
375 313 676 409 armipotentum
688 337 757 407 qaae
770 314 831 386 stat
844 314 976 386 rotatio:
1028 333 1123 382 sano.
1134 331 1215 380 xxm

375 486 491 553 λευσμός
502 505 539 546 τε,
551 483 593 536 καί
604 463 729 552 μόζουσιν
740 482 875 551 οίκτισμόν
885 483 971 537 πόλυν

375 564 425 624 ὑπὸ
436 560 514 640 ῥάχιν
524 567 656 638 παγέντες·
675 566 715 634 ἆρ’
727 566 832 622 ἀκούετε

376 654 432 711 οῖας
442 657 533 725 εὀρτῆς
544 651 599 708 ἐστ’
611 652 774 708 ἀπόπτυστοι
786 652 854 709 θεοῖς

375 739 513 812 στέργηθρί
526 741 648 811 έχουσαιι
666 729 750 795 ‚raet
764 733 900 810 όφηγεῖται
912 735 1008 807 τρόπος

375 827 487 897 μορφῆς·
506 824 616 908 λέοντοςΙ
624 823 716 895 ἄντρον
727 825 923 894 αἱματορρόφου

375 913 453 967 οἰκεῖν
464 908 583 966 τοιαύτας
595 909 669 974 είκὸς,
682 909 713 963 οὗ
724 909 892 980 χρηστηρίοις

376 997 404 1050 έν
414 997 505 1052 τοῖσδε
516 996 656 1064 πλησίοισι
666 994 804 1065 τρίβεσθαι
814 985 907 1064 μέσος.
994 1023 1001 1038 ⁴

375 1080 476 1154 χωρεῖτ’
490 1081 549 1136 irco
559 1084 677 1150 βοτῆρος
688 1080 879 1150 αι’πολουμέναι·

375 1168 484 1237 ποίμνης
494 1159 613 1236 τοιαέπης
624 1158 647 1222 8
659 1170 729 1222 οὔτις
740 1166 849 1237 εὐφιλὴς
859 1166 933 1221 θεῶν.

165 1288 313 1384 Optime
335 1288 394 1358 hio
414 1288 523 1359 refert
546 1309 669 1357 eorum
692 1286 877 1356 hominnm
901 1307 1032 1368 sensus,
1050 1285 1111 1376 qui
1134 1282 1216 1354 nul·

165 1403 218 1475 las
246 1425 293 1472 ne
320 1401 562 1494 improborum
588 1401 732 1492 quidem
762 1422 883 1492 poenas
909 1399 1002 1469 bene
1027 1399 1216 1470 convenire

52 1584 56 1592 .
166 1536 249 1589 oum
267 1517 386 1587 divina
402 1515 593 1586 elementia
609 1515 834 1586 arbitrantur.

217 1633 353 1703 Sedet
382 1631 451 1701 alia
472 1632 636 1722 quaedam
662 1631 787 1722 sparsit
810 1630 868 1700 hie
893 1630 967 1700 illie
993 1629 1115 1710 Poeta,
1137 1652 1215 1721 quae

167 1745 286 1817 Oresti
309 1747 514 1839 provocanti
531 1763 661 1839 magno
678 1756 796 1816 essent
812 1745 949 1816 solatio.
1001 1744 1118 1838 Ipsius
1134 1744 1217 1837 cly-

166 1870 380 1940 taemnestrae
397 1863 523 1933 umbra
539 1862 724 1933 confirmat
744 1861 850 1945 ultro,
868 1861 966 1932 Deos
982 1859 1111 1931 Manes
1132 1881 1214 1930 oum

167 1976 305 2061 Oreste,
322 2001 394 2048 non
412 1997 543 2059 secum,
561 1977 693 2048 sentire
703 1987 739 2048 ¹:

589 2112 624 2168 ὣς
634 2112 681 2182 μέν
693 2113 797 2166 ἔκτανον

377 2194 475 2254 θνειόος
486 2197 514 2252 έν
526 2197 661 2267 φθιτοῖσιν
672 2198 718 2251 οὐκ
730 2197 884 2259 ε’κλείπεπαι,

377 2284 494 2354 αἰσχρῶς
506 2284 528 2338 8
541 2285 650 2370 ᾄλῶμαι·
669 2283 817 2356 προύννέπω
830 2282 852 2336 8
864 2284 932 2352 ὑμῖν,
944 2282 985 2336 ὅτι

377 2370 429 2440 ἔχω
441 2370 567 2440 μεγίστην
578 2369 662 2424 αίτίαν
674 2369 762 2425 κείνων
772 2368 832 2423 ὕπο·

377 2457 499 2512 παθοῦσα
510 2456 532 2510 8
546 2454 612 2511 οὕτω
625 2456 695 2510 δεινὰ
705 2457 771 2526 πρός
782 2460 835 2508 τῶν
843 2454 985 2525 φιλτάτων,

377 2543 461 2598 osten
472 2542 537 2612 ὑπέρ
548 2565 599 2612 μου
610 2543 737 2611 δαιμόνων
747 2540 870 2611 μηνίεται,

377 2629 591 2700 κατασφαγείσης
602 2628 668 2698 πρὸς
679 2634 763 2698 χερῶν
775 2628 962 2698 μητροκτόνωνι

167 2753 248 2836 Quo
274 2771 435 2821 sermone
461 2751 570 2820 tacite
593 2750 735 2832 fatetur,
759 2750 867 2842 digna
889 2759 927 2820 et
953 2767 1052 2843 aqna
1076 2770 1115 2820 se
1138 2767 1216 2821 esse

167 2888 315 2959 passam.

216 2975 357 3050 Deinde
376 2981 465 3051 illud
487 2981 743 3074 gravissimum,
761 2981 856 3071 quod
872 2979 930 3049 hio
947 3001 1097 3071 quoque,
1116 2978 1216 3049 velut·

166 3095 203 3164 in
233 3095 460 3187 Ohoiphoris,
492 3095 636 3166 Patrem
670 3096 821 3165 tacitum
854 3096 975 3165 adesse
1010 3095 1075 3165 sibi
1105 3095 1215 3164 sentit

168 3211 290 3293 Filius,
318 3212 369 3280 ita
395 3211 561 3282 videlieet
587 3222 629 3281 ut
658 3211 776 3280 animo
803 3232 876 3279 non
901 3209 1011 3280 oeulis
1039 3217 1213 3278 comatur6

166 3325 247 3396 Hac
265 3325 420 3396 maxime
437 3327 573 3396 ratione
598 3349 669 3417 prae
694 3347 732 3396 se
754 3326 824 3394 fert
845 3325 1002 3397 animum
1020 3323 1076 3394 vel
1094 3344 1212 3393 eoram

159 3440 340 3530 judicibus
355 3440 657 3532 imperterritum
661 3462 669 3509 ι

376 3576 478 3632 πέποιθ’
480 3594 487 3608 ·
503 3578 606 3648 ἀρανγὰς
616 3576 639 3631 8
652 3578 680 3630 ἐκ
692 3577 778 3648 τάφου
788 3570 883 3644 πέμπει
894 3575 994 3646 Πατὴρ.

216 3687 340 3761 Potuit
358 3699 396 3761 et
412 3692 500 3763 illud
519 3692 602 3763 boni
620 3692 747 3762 ominis
764 3692 842 3763 loeo
859 3689 992 3771 haberi,
1009 3683 1104 3780 quod
1121 3679 1213 3756 mul-

167 3815 221 3875 tas
238 3807 315 3897 jam
341 3815 425 3876 ante
449 3809 678 3900 purgationes
703 3813 904 3877 tentaverat
929 3803 1084 3885 Orestes
1105 3820 1212 3894 quam

166 3926 211 3994 ad
228 3925 320 3997 fores
338 3923 512 3995 Minervae
528 3925 697 4021 aoloedere
715 3933 769 3995 est
786 3933 924 4006 ausus²;

375 4061 459 4132 βρίζει
470 4062 521 4132 γὰρ
533 4059 595 4131 οἶμα
608 4063 649 4115 καί
660 4060 807 4132 μαραίνεται
818 4062 904 4131 χερός.

377 4151 551 4218 μητροκτόνον
561 4149 664 4218 μίασμα
676 4147 697 4203 8
710 4149 837 4202 ἔκπλυτον
848 4146 931 4200 πέλει·

238 4313 405 4385 '‘Eum-96·
474 4290 477 4295 .
583 4317 757 4373 Ηόῖόιόοι.
