2768 4876
166 351 262 394 rnna.
272 312 321 392 rin.
356 329 470 393 Posala
484 327 697 414 quodammado
712 349 779 391 cam
793 327 949 412 Reliqimc
962 326 1077 390 sentire.
1146 328 1211 392 807

166 523 245 591 quae
272 501 317 571 ad
342 500 600 570 humanitatem
628 500 817 592 pertinent.
870 498 926 568 Ex
953 521 1022 588 quo
1048 496 1209 580 efficitur,

165 615 366 706 complures
392 637 479 696 esse,
498 615 557 706 qui
583 637 621 685 se
647 614 827 684 delectent
853 613 969 705 specie
987 612 1137 703 quadam
1160 612 1212 679 in-

167 730 224 799 ani
252 728 445 820 voluptatis
475 728 717 821 agricolarum,
748 730 856 798 immo
886 751 967 798 cum
994 726 1107 797 Poeta
1136 750 1214 819 pas-

167 842 280 914 torale
304 843 434 935 aliquid
457 853 606 913 canente
631 844 773 935 penitus
796 867 833 913 se
857 845 987 915 sentire
1009 844 1155 935 fingant,
1172 863 1214 911 ac

168 961 344 1028 teneriore
370 981 445 1029 esse
471 961 598 1040 animo,
625 959 764 1050 quoties
791 970 916 1052 agatur
943 959 1016 1029 sive
1042 959 1086 1028 de
1112 959 1213 1027 mira·

168 1074 258 1144 culis
284 1076 417 1157 mundi,
436 1077 509 1144 sive
531 1076 576 1143 de
603 1076 690 1144 ruris
715 1099 756 1145 ac
782 1075 932 1155 Naturae
953 1075 1105 1145 deliciis:
1132 1097 1213 1143 cum

168 1212 206 1258 re
225 1197 345 1257 tamen
363 1212 404 1258 ac
423 1189 571 1257 veritate
590 1188 771 1257 discedant
796 1188 914 1278 potius
937 1188 971 1256 iu
996 1187 1113 1256 omnia
1136 1185 1214 1255 alia.

169 1304 478 1388 Quemadmodum
499 1303 610 1373 ferme
633 1304 708 1373 fieri
728 1304 887 1373 videmus
912 1305 949 1372 in
965 1326 1010 1390 wre
1031 1303 1148 1372 diviua
1174 1325 1215 1371 ac

167 1429 400 1490 sacrosancta.
455 1419 645 1511 Postquam
675 1417 784 1488 semel
811 1419 965 1509 opinioni
991 1418 1096 1487 alicui
1121 1415 1216 1486 affla-

170 1539 260 1606 verit
278 1560 363 1606 aura
380 1536 544 1627 quaedam
562 1534 738 1626 popularis
757 1535 892 1627 gratias,
910 1535 1078 1604 accedere
1095 1534 1215 1603 statim

169 1653 388 1722 imitatorum
408 1650 544 1742 vulgus,
561 1660 702 1718 cantare
720 1650 868 1740 quisque
886 1648 1098 1718 cantilenam
1117 1671 1216 1717 suam

169 1769 344 1860 frigidam,
366 1790 436 1835 non
463 1789 508 1834 ex
535 1767 663 1847 animo,
689 1766 750 1834 sed
777 1787 823 1833 ex
850 1765 967 1834 edicto
993 1775 1030 1834 et
1056 1763 1215 1835 formula.

170 1883 277 1967 Quod
303 1884 332 1951 si
358 1884 506 1950 istorum
532 1880 708 1949 tumultus
733 1880 879 1950 minima
906 1881 1025 1950 ferunt
1051 1880 1115 1971 piae
1140 1903 1218 1972 gra-

171 2020 302 2090 vesque
332 1996 466 2076 animae,
493 1995 724 2086 intelligimus
749 1996 858 2065 etiam
885 1995 920 2064 in
947 1995 1060 2077 Poesi,
1085 2009 1218 2086 quanto

170 2116 217 2184 sit
243 2113 399 2206 periculo
426 2110 482 2180 vel
509 2110 681 2202 optimum
712 2133 834 2202 genua,
862 2110 921 2180 ubi
946 2111 1022 2201 jam
1048 2110 1219 2202 placuerit

171 2231 284 2300 turbae
301 2253 342 2298 ac
361 2229 466 2320 vulgo
483 2227 689 2308 hominum;
712 2236 912 2317 quantaque
930 2226 1006 2297 laus
1024 2225 1075 2295 illi
1092 2227 1220 2297 debca-

171 2357 240 2427 tur,
275 2345 335 2435 qui
368 2349 460 2411 uuus
494 2341 653 2410 omnium
686 2341 853 2422 maxime,
884 2342 1048 2433 exemplo
1082 2365 1145 2410 suo
1182 2351 1219 2410 et

170 2461 366 2530 carminum
380 2480 521 2528 suorum
541 2466 674 2537 tenore,
689 2455 993 2547 pemiciem'illam
1013 2465 1219 2549 pestemque

171 2573 397 2666 mitigaverit.

224 2805 284 2876 Ne
309 2815 430 2876 autem
457 2807 491 2875 in
519 2806 593 2876 solo
617 2828 875 2875 commoremur
893 2804 1058 2897 Virgilio,
1077 2807 1138 2875 sed
1160 2831 1222 2897 po-

171 2923 244 2992 tius
261 2944 336 2989 reru
355 2942 497 2990 omnem
523 2943 544 2988 a
569 2921 690 3011 primis
715 2929 916 3011 repetamus
942 2919 1072 3001 initiis3
1098 2921 1220 3010 quidni

169 3038 218 3108 sit
236 3037 414 3118 credibile,
429 3036 556 3105 Poesin
574 3038 773 3105 universam
790 3059 812 3104 a
831 3035 875 3103 D.
887 3033 931 3105 Ο.
948 3033 1002 3103 Μ.
1022 3036 1107 3119 dari,
1121 3036 1221 3106 velut

171 3154 373 3222 rudimenta
389 3153 560 3243 quaedam,
580 3161 617 3220 et
643 3150 823 3242 praeludia,
849 3160 891 3219 ut
916 3151 967 3219 ita
996 3152 1123 3234 dicam,
1145 3175 1223 3244 ger-

169 3291 288 3339 manae
308 3267 475 3360 pietatis?
504 3290 584 3335 cum
603 3267 732 3358 partim
750 3268 901 3335 doceant
927 3265 1136 3358 plerumque
1162 3291 1223 3337 an·

171 3382 269 3452 nales
287 3392 458 3463 veterum,
477 3404 553 3450 raro
575 3381 611 3448 in
635 3379 762 3448 melius
787 3386 962 3448 mutatam
981 3379 1088 3448 fuisse
1106 3402 1221 3449 rerum

171 3494 370 3564 divinarum
399 3496 581 3576 rationem,
608 3496 644 3562 ui
672 3494 903 3584 praecessisset
930 3491 1055 3561 melior
1080 3493 1222 3583 quidam

170 3619 209 3677 et
235 3613 389 3679 sanctior
407 3609 596 3678 Poetarum
621 3608 728 3690 ordo;
755 3608 883 3699 partim
902 3606 937 3673 vi
959 3614 1079 3675 suaet
1105 3606 1223 3676 indole

172 3746 255 3793 vera
280 3724 420 3818 Religio
447 3725 645 3794 mirandum
671 3724 709 3792 in
734 3725 880 3793 modurn
903 3743 985 3791 cum
1010 3744 1092 3790 vera
1119 3721 1222 3792 Poesi

172 3843 372 3910 conveniat.
562 3819 565 3825 ¹

223 3954 401 4046 Principio
424 3954 474 4043 (id
493 3955 589 4045 quod
612 3957 662 4024 ita
689 3955 795 4045 quaeri
823 3952 938 4033 velim,
962 3961 1002 4022 ut
1024 3954 1061 4020 in
1086 3974 1122 4021 re
1149 3975 1224 4022 om-

171 4070 270 4138 nium
299 4069 568 4161 religiosissima,
596 4092 677 4137 cum
705 4090 853 4147 summo,
880 4068 1014 4159 pudore
1035 4090 1075 4137 ac
1096 4070 1222 4158 metu),

172 4184 256 4275 quid
291 4186 319 4253 si
351 4184 482 4254 Divino
513 4184 657 4253 consilio
688 4183 795 4253 inerit
823 4181 1056 4254 Hebraearum
1083 4206 1222 4275 quoque

173 4300 352 4369 literarum
376 4301 405 4369 is
426 4300 537 4368 ferme
561 4321 681 4369 cursus
707 4322 749 4369 ac
774 4308 886 4380 tenor,
911 4309 951 4368 ut
978 4298 1082 4390 longa
1101 4308 1220 4368 vatum
