2768 4876
161 318 225 381 516
248 317 424 379 Pindarico
440 328 541 380 aestro
557 318 710 380 domestico
725 316 854 400 aaamplo
864 313 1000 399 prolusi.
1015 335 1110 374 enan.
1120 335 1208 374 xxvi.

164 510 251 571 sem,
262 489 355 579 quod
374 489 586 557 sententiam
605 497 760 556 nostram
775 487 819 554 de
837 508 975 554 summa
990 484 1041 553 rei
1059 483 1209 575 poeticae

165 602 222 672 vel
245 602 422 670 minueret
449 601 507 671 vel
535 609 690 695 augeret.
742 600 859 671 Video
889 609 1010 670 autem
1036 608 1115 667 tum
1142 595 1211 665 alia

165 718 341 811 pleraque,
366 727 444 786 tum
474 717 561 787 illud
590 717 782 808 praesertim
813 740 894 786 cum
921 715 1049 786 nostris
1075 713 1210 806 optime

167 833 375 915 consentire,
411 832 505 924 quod
535 856 580 902 ex
610 833 730 915 initiis,
759 840 802 901 ut
831 832 883 901 ita
912 833 1036 912 dicam,
1067 829 1211 899 ludicris

168 949 339 1041 originem
364 956 490 1018 nactus
516 957 570 1018 est
600 948 787 1040 praeclarus
817 948 878 1017 ille
904 948 997 1017 orbis
1024 946 1210 1016 Poeseosss.

168 1064 265 1134 Nam
287 1072 328 1134 ut
354 1065 507 1155 primum
525 1086 623 1154 puer,
639 1063 766 1134 affecta
782 1062 994 1142 valetudiue,
1013 1063 1141 1132 missus
1159 1067 1212 1129 est

167 1183 204 1251 in
221 1205 302 1251 rura
318 1191 424 1272 atque
440 1182 477 1249 in
495 1180 602 1250 colles
619 1183 743 1263 avitos,
758 1181 938 1271 vitamque
955 1180 1021 1248 sub
1039 1179 1098 1249 dio
1120 1177 1213 1245 ince-

169 1299 221 1390 pit
247 1320 363 1390 agere,
384 1299 505 1366 statim
531 1297 627 1367 intus
644 1299 737 1389 apud
755 1321 837 1367 eum
855 1297 964 1365 foveri
990 1295 1079 1362 mira
1095 1288 1214 1361 nescio

168 1437 246 1504 quae
270 1436 354 1482 cura
380 1437 421 1482 ac
445 1414 656 1483 desiderium
675 1413 852 1483 decantati
877 1411 971 1481 illius
997 1408 1126 1491 saeouli,
1144 1429 1214 1498 quo

169 1529 354 1622 viguerant
380 1530 529 1620 majores
553 1530 626 1612 sui;
652 1530 787 1598 fervere
811 1529 928 1597 omnia
947 1535 1106 1596 veterum
1125 1523 1214 1591 viro-

169 1668 248 1714 rum
266 1646 446 1726 memoria‚
464 1644 642 1715 bellicosae
660 1667 743 1714 sane
760 1652 866 1734 atque
886 1642 1064 1711 indomitae
1086 1640 1213 1733 gentis.

170 1758 280 1830 Porro
299 1784 369 1829 non
387 1760 456 1830 alia
472 1761 585 1853 magis
602 1783 640 1829 re
661 1760 866 1830 crediderim
886 1757 1040 1827 revocari
1058 1755 1211 1848 possein

170 1877 328 1946 animum
354 1877 429 1967 ejus
452 1878 621 1968 temporis
642 1877 804 1946 umbram
828 1886 865 1945 et
890 1875 1090 1968 imaginem,
1109 1897 1212 1964 quam

171 1991 255 2060 ludo
272 1991 470 2082 campestri,
484 1992 649 2082 varioque
666 1992 817 2060 venandi
833 2010 984 2085 generet
1007 1987 1125 2080 qualia
1142 2010 1213 2057 om-

171 2108 229 2176 nia
245 2107 374 2176 scimus
392 2107 425 2174 ei
443 2107 517 2175 viro
534 2130 757 2199 summopere
774 2107 880 2176 fuisse
903 2107 939 2175 in
958 2104 1103 2174 deliciis.
1156 2101 1215 2172 Ne

171 2223 303 2292 multa:
333 2223 424 2312 quod
445 2222 598 2292 officium
617 2223 813 2314 praestitere
831 2222 984 2291 Pindaro
1002 2219 1161 2313 Pythicae
1179 2231 1216 2289 et

171 2337 366 2430 Olympicae
390 2338 523 2421 turbae3
549 2340 643 2429 quod
665 2338 839 2429 Spensero
865 2338 1001 2430 atejus
1025 2335 1216 2427 aequalibus

172 2452 245 2524 ludi
272 2452 441 2523 militares
465 2464 502 2523 et
525 2465 714 2544 equestres,
732 2478 881 2545 quorum
903 2477 970 2545 ope
987 2452 1131 2545 vigebat
1157 2451 1216 2519 ad-

172 2569 243 2638 huc
269 2577 445 2660 superstes
463 2570 557 2639 fama
574 2570 665 2649 AEvi,
687 2571 780 2661 quod
802 2585 938 2649 vocant,
959 2568 1095 2650 Medii3
1121 2567 1213 2635 idem

172 2683 283 2752 ferme
308 2683 479 2754 Gualtero
506 2693 624 2753 nostro
651 2685 837 2776 sylvestres
864 2707 964 2765 curae,
989 2704 1103 2764 canes,
1126 2680 1216 2771 equi,

173 2808 269 2868 “vox
283 2822 426 2869 assensu
439 2824 623 2869 nemorum
636 2801 882 2892 ingeminata.”
927 2800 969 2869 Id
988 2809 1109 2868 autem
1123 2819 1218 2865 com·

172 2936 280 2983 mune
308 2916 477 2995 omnium,
504 2917 599 3006 quod
627 2917 731 2985 rebus
759 2917 794 2983 in
820 2916 938 2984 medio
967 2914 1092 3005 positis
1119 2911 1217 3005 quasi

173 3031 323 3118 quadam
349 3031 464 3123 effigie
482 3040 643 3100 veterum
669 3055 796 3113 rerum,
813 3031 1032 3121 heroumque
1051 3032 1128 3122 jam
1146 3030 1219 3098 vita

173 3143 375 3214 functorum
395 3147 595 3215 utebantur.
648 3146 729 3215 Hoc
746 3147 833 3216 illud
852 3156 938 3228 erat,
956 3147 1051 3237 quod
1068 3145 1219 3223 aiebam,

175 3258 249 3328 fore
274 3270 316 3329 ut
342 3261 378 3328 in
398 3262 534 3351 judicio
558 3262 702 3330 ferendo
725 3265 768 3332 de
792 3263 891 3331 fonte
915 3262 1112 3332 Pindaricae
1130 3261 1221 3331 Poe-

175 3398 251 3445 seos
278 3377 338 3444 vix
363 3377 479 3445 minus
500 3376 641 3446 valeant
662 3379 737 3469 ejus
755 3379 829 3460 viri,
848 3401 953 3470 quem
979 3379 1085 3447 modo
1109 3379 1224 3448 nomi-

175 3491 265 3571 navi,
283 3491 436 3572 annales,
454 3514 560 3582 quam
579 3493 615 3560 in
634 3495 829 3583 quaestione
847 3494 891 3562 de
909 3501 1010 3563 motu
1027 3493 1129 3564 Zeno
1147 3519 1223 3564 am·

175 3604 311 3676 bulans.

226 3721 345 3804 Quare
362 3723 602 3791 confirmatior
619 3726 662 3793 ad
687 3724 774 3794 illud
803 3731 910 3816 caput
930 3725 1070 3808 accedo,
1089 3726 1134 3794 de
1151 3749 1223 3817 quo

174 3834 280 3904 hodie
304 3837 557 3929 disputandum
581 3839 668 3909 erit:
696 3863 823 3932 nempe
847 3850 887 3909 ut
914 3842 1110 3922 ostendam,
1127 3864 1225 3910 amo-

175 3972 249 4018 rem
277 3950 389 4032 illum,
412 3975 482 4043 quo
511 3952 820 4025 vehementissimo
843 3955 1013 4048 flagrabat
1041 3954 1224 4035 Pindarus,

175 4065 225 4132 rei
251 4065 431 4135 athleticae
459 4075 497 4135 et
522 4071 759 4160 gymnasticae,
790 4093 870 4140 cum
897 4070 1036 4140 oaeteris
1064 4071 1127 4139 viri
1150 4080 1225 4141 stu·

355 4307 369 4337 2
382 4299 525 4366 lockhmt,
539 4302 603 4370 Life
614 4306 647 4372 os
656 4306 702 4358 Sir
718 4304 817 4358 Walter
830 4307 913 4369 Scott,
926 4307 943 4359 i.
957 4325 983 4375 p.
1000 4307 1040 4359 18.
