2768 4876
166 332 230 398 460
331 331 501 396 Mulierum
515 330 681 413 ‹fficiuper
696 330 842 392 Danaum
856 329 976 402 doceri,
1009 353 1103 394 rann.
1117 348 1225 394 xxru.'

165 507 248 576 dem
282 507 432 586 videtur,
466 505 646 596 ingeniosa
683 503 744 572 illa
778 502 975 594 supplicum
1018 499 1209 571 mulierum

165 630 367 692 commenta
393 620 620 690 vehementer
647 619 691 688 ad
717 641 837 687 earum
864 625 981 709 partes
1009 618 1208 709 pertinent:

164 740 283 816 imme,
315 744 355 805 ut
384 737 497 805 fatear
525 735 691 804 audacius
721 733 863 825 aliquid,
894 734 1057 803 videntur
1087 757 1210 827 sapere

165 855 241 945 ejus
266 853 419 921 foeminae
444 850 610 932 indolem,
633 874 713 941 quae
731 850 886 919 Domino
912 851 956 919 ad
982 860 1124 941 tempus
1150 873 1211 919 ne·

164 970 263 1062 genti
280 991 350 1036 nun
369 967 482 1036 solum
501 968 557 1058 pie
574 968 635 1036 sed
652 976 756 1035 acute
774 989 913 1057 quoque
931 966 1121 1058 respondit,

377 1103 418 1155 καὶ
429 1103 480 1173 γὰρ
492 1102 524 1155 τὰ
536 1101 641 1170 κυναρία
654 1101 736 1156 ε’σθιέι
747 1101 798 1155 ἀπὸ
811 1107 862 1155 τῶν
872 1101 1000 1172 φιχίωνῑ·

167 1240 318 1308 quaeque
335 1216 424 1284 adeo
441 1215 571 1301 meruit
588 1221 629 1282 ut
647 1213 763 1304 Ipsius
780 1235 840 1282 ore
858 1212 1070 1284 laudaretur.

219 1330 276 1399 Ex
293 1330 359 1399 hae
376 1328 611 1420 qualicunque
628 1327 872 1419 exemplorum
890 1329 979 1398 serie
995 1351 1067 1398 non
1090 1330 1211 1422 inepte

161 1447 300 1538 judicet
333 1444 468 1536 aliquis,
499 1443 644 1512 minime
674 1443 786 1511 temni
820 1444 866 1512 ab
896 1443 1062 1536 AEsehylo
1091 1456 1211 1516 nostro

168 1561 327 1643 leniores,
357 1559 418 1650 qui
453 1566 631 1639 vocantur,
666 1556 823 1640 affectus,
858 1559 1052 1629 domestica
1084 1564 1211 1643 studia,

168 1678 390 1745 foeminarum
407 1697 535 1742 mores.
581 1672 644 1742 Sin
662 1674 810 1743 certiora
827 1697 969 1765 quaeras,
987 1685 1110 1745 monet
1128 1678 1211 1769 ipse,

167 1792 234 1861 sub
254 1791 370 1860 Danai
395 1811 639 1880 personaque
660 1796 738 1857 tum
765 1787 892 1881 linguae
918 1790 1116 1880 prudentia,
1135 1801 1212 1862 tum

168 1907 337 1975 universae
354 1905 437 1973 vitae
460 1902 593 1994 pudore
615 1902 768 1972 debeant
785 1925 870 1986 esse,
888 1925 966 1993 quae
983 1906 1127 1975 nomine
1146 1906 1213 1974 vir-

167 2018 275 2112 ginali
294 2019 407 2110 dignae
424 2017 544 2086 haberi
562 2018 706 2108 cupiant
718 2027 753 2085 8ι

378 2153 485 2226 φθογμὴ
497 2152 520 2206 δ’
532 2153 644 2218 ἑπέσθω,
656 2159 746 2225 πρώτα
757 2154 804 2223 μὲν
815 2157 845 2208 τὸ
856 2155 891 2224 μὴ
904 2155 997 2227 θρασύ,

380 2241 410 2292 τὸ
421 2239 456 2309 μὴ
468 2240 575 2308 μάταιον
586 2238 608 2292 δ
622 2239 650 2292 ἐκ
661 2243 910 2312 μετωποσωφρόνων

379 2322 425 2378 ἰ’τω
436 2327 584 2395 προσόντων
596 2323 709 2393 ὄμματος
719 2325 779 2396 παρ’
792 2325 902 2398 ἡσύχου.

170 2439 306 2507 Iterum
323 2439 491 2508 admonet
501 2434 538 2507 b:

379 2575 445 2644 ὑμᾶς
456 2572 478 2628 δ
492 2574 585 2628 ε’παινῶ
596 2575 630 2642 μὴ
643 2575 822 2645 καταισχύνειν
834 2578 885 2647 ἐμὲ,

380 2662 449 2730 ὥραν
460 2657 573 2730 ἐχούσας
583 2658 651 2728 τύνδ
664 2659 835 2731 ἐπίστρεπτον
845 2666 957 2733 βροτοῖς·

380 2744 468 2817 τέρειν’
482 2746 570 2815 ὀπώρα
582 2745 604 2798 δ
617 2745 777 2816 εὐφύλακτος
789 2749 913 2819 οὐδαμῶς·

381 2831 456 2903 θῆρες
467 2831 496 2884 δὲ
508 2831 656 2900 κηραίνουσι
668 2834 709 2885 καὶ
720 2835 813 2903 βροτοί
823 2857 848 2888 τι
859 2857 912 2904 μιν,

381 2916 423 2969 καὶ
434 2916 552 2970 κνώδαλα
562 2921 704 2986 πτεροῦντα
716 2918 757 2970 καὶ
768 2919 919 2988 πεδοστιβῆ.

381 3003 537 3071 καρπώματα
548 3001 675 3067 στάζοντα
687 3001 813 3072 κηρύσσει
825 3002 931 3074 Κύπρις.

382 3173 423 3225 καὶ
433 3170 566 3242 παρθενών
577 3173 711 3241 χλιδαῖσιν
722 3174 864 3244 εὐμόρφοις
875 3174 918 3228 ἔπι

382 3260 432 3313 πᾶς
443 3279 482 3312 τις
492 3256 630 3327 παρελθων
641 3256 754 3327 ὄμματος
766 3259 916 3330 θελκτηρίον

382 3339 483 3411 τόξευμ’
496 3341 622 3410 ἔπεμψεν,
635 3342 713 3414 ἱμέρῳ
724 3345 867 3413 νικώμενος.

382 3514 461 3582 μόνον
471 3513 587 3584 φυλάξαι
600 3512 674 3567 τάσδ’
687 3514 828 3570 ἐπιστολὰς
839 3517 945 3585 πατρὸς,

383 3600 414 3652 τδ
426 3600 574 3669 σωφρονεῖν
585 3603 687 3667 τιμῶσα
698 3604 744 3654 τοῦ
755 3601 815 3666 βίου
827 3602 915 3655 πλέον.

225 3728 295 3811 Qui
321 3730 513 3819 prudenter
537 3731 626 3799 adeo
651 3732 874 3823 graviterque
892 3731 1055 3801 disseruit
1076 3731 1121 3802 de
1142 3755 1220 3802 mu-

174 3843 299 3912 lierum
330 3843 461 3925 offieiiS,
492 3845 521 3913 is
552 3846 674 3937 dignas
706 3847 830 3936 utique
860 3846 996 3915 censuit
1030 3846 1221 3917 mulierum

175 3957 344 4040 fortunae,
357 3981 443 4049 quas
461 3968 599 4052 regeret
616 3961 747 4028 eximia
763 3960 926 4051 quaedam
943 3961 1072 4031 summi
1090 3960 1222 4030 Numi-

175 4073 229 4140 nis
254 4073 493 4143 Providentia.
549 4074 667 4157 Quare
696 4075 791 4144 idem
822 4075 882 4144 ille
909 4075 1061 4167 Jupiter,
1092 4077 1154 4167 qui
1185 4077 1221 4146 in

229 4320 392 4375 Ζ8.Μιιιι1ι.
409 4335 449 4389 15.
465 4336 507 4393 27.
650 4334 664 4362 ν
683 4326 746 4394 Sap.
762 4340 821 4392 205.
964 4326 978 4363 ¹²
996 4324 1063 4380 Iln'd.
1079 4341 1156 4396 1003.
