2768 4876
165 347 256 391 reae.
267 349 391 390 xxxvii.
413 347 480 390 eam
494 335 520 389 et
532 325 736 410 praisdibquo
743 326 895 409 proferat,
911 334 938 389 et
945 325 1120 410 proverbio.
1148 330 1211 396 745

166 526 205 572 ao
221 504 391 595 promissa
408 500 572 584 Heroiea,
592 501 708 593 qualia
725 501 951 570 abundabant
969 523 1012 570 eo
1030 511 1211 593 tempore;

168 621 214 688 sie
239 618 381 688 Maroni
399 641 539 710 quoque
564 640 635 685 non
661 616 773 686 invito
799 618 971 687 excidisse
997 618 1101 685 nimis
1126 617 1212 685 alio-

168 736 222 826 qui
252 733 449 826 magnifica.
500 732 696 824 Descriptis
722 732 887 802 videlieet
913 733 1018 802 aratri
1042 733 1210 824 partibus,

170 861 187 889 ‘⁴
199 851 286 920 Haee
299 845 338 930 f,'’
356 851 416 931 ait,

307 997 415 1052 Omnia.
426 1037 432 1052 .
444 998 561 1051 ..multo
573 1003 634 1049 ante
645 1011 748 1048 memor
760 993 865 1063 provisa
877 1010 997 1063 repones,

308 1082 337 1137 si
348 1092 375 1136 te
387 1083 466 1152 diona
477 1088 562 1135 manet
574 1081 657 1135 divini
666 1081 752 1148 plenia
764 1081 843 1132 ruris.

171 1205 277 1286 Alias,
304 1216 499 1277 memorata
524 1206 650 1275 vitium
675 1205 802 1297 insigni
830 1205 1010 1285 varietate,
1036 1226 1110 1273 rem
1137 1226 1211 1273 am·

171 1321 330 1412 piissimis
348 1322 463 1391 verbis
481 1320 611 1391 extulit
623 1331 648 1390 ⁸.

309 1464 361 1520 Sed
373 1484 459 1537 neque
471 1484 551 1538 quam
563 1467 654 1520 multae
667 1465 775 1535 species,
788 1482 837 1518 nec
849 1464 959 1518 nomina
969 1481 1029 1535 quae
1042 1465 1104 1527 sint,

308 1552 358 1607 Est
370 1570 513 1616 numerus3
532 1570 617 1623 neque
630 1552 701 1606 enim
713 1568 824 1604 numero
837 1550 1024 1619 comprendere
1036 1551 1128 1604 refert:

309 1638 396 1697 Quem
409 1639 455 1710 qui
467 1639 533 1693 scire
545 1639 615 1701 velit,
629 1637 723 1709 Libyci
733 1638 796 1691 velit
807 1637 921 1707 aequoris
934 1636 1004 1690 idem

309 1723 417 1778 Disoere
429 1743 509 1796 quam
521 1725 612 1778 multae
625 1723 747 1793 Zephyro
759 1724 900 1777 turbentur
912 1741 1007 1786 arenae,

308 1812 363 1864 Aut
375 1811 424 1865 ubi
435 1811 546 1880 navigiis
559 1810 698 1864 violentior
709 1809 801 1863 incidit
814 1810 913 1872 Eurus,

308 1896 396 1951 Nosse
408 1905 474 1969 quot
486 1896 555 1950 lonii
567 1896 673 1950 veniant
684 1895 718 1949 ad
730 1897 807 1949 litora
818 1895 924 1950 fluetus.
936 1949 940 1956 ,

219 2018 349 2110 Neque
367 2041 450 2088 vero
468 2041 538 2086 non
559 2019 730 2087 rusticum
749 2017 916 2108 quiddam
934 2019 1074 2109 sapiunt
1092 2019 1214 2088 crebra

172 2134 228 2204 illa
255 2135 329 2204 sive
356 2133 541 2225 proverbia
566 2156 628 2203 seu
656 2133 781 2202 breves
807 2144 903 2203 certe
929 2142 967 2202 et
992 2143 1107 2205 acutae
1135 2157 1214 2204 seu-

173 2251 302 2331 tentiae,
334 2248 461 2339 quibus
491 2249 544 2317 uti
579 2248 670 2317 solet
700 2248 797 2338 qnasi
832 2249 991 2319 formulis
1022 2258 1059 2318 et
1089 2251 1214 2320 edictis

172 2365 306 2435 artificii
325 2364 389 2434 sui.
431 2362 594 2432 “Nudus
610 2386 679 2444 ara,
697 2386 773 2433 sere
791 2365 927 2433 nudus:
948 2364 1071 2456 hyems
1088 2366 1215 2457 ignava

172 2480 295 2550 colono
307 2481 334 2549 !'’
381 2479 609 2571 “Nunquam
635 2480 917 2570 imprudentibus
938 2481 1052 2549 imber
1069 2480 1214 2549 obfuit.'’

172 2596 364 2667 “Laudato
381 2597 540 2689 ingentia
556 2618 645 2677 rura,
664 2590 846 2687 Exiguum
865 2595 1004 2666 colito.''
1049 2596 1137 2678 Quis
1154 2618 1215 2664 ne-

171 2716 247 2792 scit,
284 2711 422 2782 vetulos
460 2710 651 2802 praesertim
686 2708 828 2778 colonos
866 2709 1013 2779 mirifice
1047 2709 1215 2778 delectari

171 2826 368 2896 istiusmodi
396 2823 571 2911 clausulis,
601 2832 709 2913 atque
739 2845 784 2890 ex
815 2845 858 2890 ea
885 2831 980 2890 certe
1009 2831 1109 2913 parte
1139 2843 1215 2891 esse

172 2939 384 3011 dicacioresl
410 2939 566 3008 maxime
589 2961 671 3007 cum
698 2936 964 3028 reprehenditur
992 2937 1116 3028 aliquis
1142 2939 1216 3007 sive

171 3056 349 3147 operarius
371 3054 418 3124 ob
441 3055 613 3134 inertiam,
632 3053 706 3121 sive
725 3052 865 3121 urbicus
889 3061 926 3121 ct
950 3052 1147 3122 umbratilis
1170 3053 1215 3122 ob

171 3171 316 3238 nimiam
343 3170 378 3237 in
405 3192 443 3238 re
468 3168 584 3236 aliena
609 3167 840 3260 diligentiam.
893 3166 1043 3249 Qualem
1070 3167 1216 3237 fortasse

171 3284 464 3378 significationem
481 3283 614 3352 babent
632 3290 822 3374 pervagata
839 3281 899 3350 illa
916 3293 1091 3373 praecepta
1101 3277 1128 3362 ¹¹,

313 3420 394 3480 Quod
406 3420 458 3474 nisi
470 3429 496 3474 et
508 3419 621 3473 assiduis
634 3427 731 3472 terram
743 3418 903 3471 insectabere
916 3418 1016 3481 rastris,

312 3506 347 3560 Et
359 3506 449 3560 sonitu
461 3505 571 3559 terrebis
584 3523 654 3568 aves,
664 3513 690 3558 et
702 3503 771 3558 ruris
784 3503 859 3573 opaci

312 3591 388 3646 Falce
400 3609 503 3662 premes
516 3591 648 3653 umbram,
660 3590 782 3660 votisque
793 3590 928 3644 vocaveris
940 3589 1062 3653 imbrem,

215 3674 219 3684 '
313 3677 376 3731 Heu
387 3694 516 3747 magnum
529 3677 635 3730 alterius
647 3675 745 3730 frustra
757 3676 887 3744 spectabis
900 3693 1032 3739 acervum,

313 3761 502 3834 Concussaque
514 3764 611 3816 famem
622 3762 650 3815 in
663 3762 743 3832 sylvis
757 3760 873 3814 solabere
886 3778 993 3832 quercu.

223 3885 410 3965 Praeterea,
427 3908 513 3977 quas
531 3885 627 3977 operi
647 3907 709 3953 suo
733 3884 791 3953 hie
808 3883 881 3953 illio
899 3884 1051 3977 inspergi
1070 3887 1216 3968 curavit,

173 4001 319 4085 fabulas,
343 4000 511 4070 curiosius
537 4002 580 4070 ad
608 3999 777 4092 agricolas
805 4020 885 4068 suos
913 4001 1214 4069 accommodavit:

207 4218 322 4288 ‘Georp
339 4219 432 4290 1.167.
599 4219 693 4273 sslbid.
709 4236 732 4272 2.
749 4235 807 4287 103.
975 4217 1068 4272 hlud.
1084 4236 1107 4273 1.
1123 4233 1181 4289 155.
