2768 4876
10 270 15 303 l

133 365 334 414 varsuxxxn.
362 342 443 429 poni
455 363 520 406 eom
534 343 569 406 io
583 363 684 407 amore
698 342 828 428 quodum
842 347 894 406 τοῦ
908 343 1040 424 ἀπείρου.
1117 341 1178 408 651

129 538 210 586 eam
236 514 463 609 aggrediatur
487 514 682 584 materiam.
734 512 858 605 Atque
878 512 947 583 hoc
965 513 1112 584 fortasse
1133 513 1183 585 la-

71 654 83 676 ·
126 635 203 703 tius
229 640 350 725 patet:
381 654 475 702 nuno
504 633 542 701 id
569 639 710 701 tuntum
741 652 879 713 moneo,
906 653 1071 725 magnam
1100 631 1183 701 inde

126 747 425 841 significationem
452 748 538 830 dari,
563 747 670 817 fuisse
695 747 913 826 Lucretium,
935 746 1057 837 utqui
1082 768 1183 816 max-

124 865 215 944 ime,
233 863 323 932 serio
340 862 520 931 intentum
543 863 581 930 in
604 885 703 933 suam
721 861 1003 954 qualemcunque
1032 860 1185 952 philoso-

126 979 275 1072 phiam;
296 1001 368 1047 non
384 979 505 1070 itaque
523 981 598 1070 ejus
616 980 720 1049 taedio
738 978 910 1070 recepisse
929 979 1020 1048 sein
1037 976 1184 1048 flumina

128 1119 174 1166 ac
193 1094 317 1188 sylvas.

184 1211 282 1296 Quid
308 1213 336 1281 si
363 1212 484 1294 doceo,
512 1211 772 1281 necessitudine
797 1234 869 1281 non
899 1210 968 1280 levi
996 1210 1184 1302 conjuncta

133 1331 244 1400 finisse
261 1330 332 1398 duo
349 1329 423 1399 haec
440 1351 579 1422 genera,
595 1349 710 1419 neque
727 1327 831 1398 aliam
849 1328 960 1397 ferme
978 1327 1023 1397 cb
1042 1349 1184 1397 causam

133 1444 308 1538 placuisse
328 1446 495 1516 Lucretio
513 1444 689 1537 Epicurea
713 1446 782 1514 iste
806 1446 952 1527 somnia,
978 1452 1086 1536 atque
1107 1443 1185 1512 uui-

135 1584 272 1632 versam
290 1561 381 1632 hanc
398 1571 570 1632 terrarum
589 1560 737 1652 caelique
754 1560 905 1631 faciem?
947 1558 1112 1642 Omnino,
1123 1559 1182 1651 qui

136 1677 279 1768 propius
304 1675 424 1767 paullo
449 1675 622 1767 inspiciet,
640 1676 798 1746 inveniet
815 1699 897 1745 eum
912 1676 964 1745 ita
981 1698 1018 1745 se
1037 1674 1185 1744 Naturae

138 1792 309 1874 addicere,
328 1800 457 1861 utnon
479 1800 554 1861 tam
576 1791 728 1862 libenter
744 1791 953 1862 adumbrare
971 1790 1082 1862 soleat
1100 1788 1187 1860 deli·

139 1915 235 1978 catos
264 1908 340 2000 ejus
366 1907 490 1991 flexus,
520 1917 643 1978 tenera
670 1907 827 1978 colorum
859 1907 1003 1990 lumina,
1030 1907 1186 1976 ridentes

139 2025 297 2119 angulos,
319 2047 426 2116 quam
452 2025 481 2094 si
504 2048 581 2116 quae
603 2034 703 2095 vaste
725 2025 807 2108 sint,
827 2025 1010 2117 profunda,
1028 2024 1186 2105 obscura,

140 2143 297 2226 infinita3
322 2142 351 2211 si
375 2141 420 2211 ab
441 2150 585 2234 aspectu
607 2142 683 2233 ejus
706 2141 812 2234 longe
838 2140 980 2233 lateque
1004 2140 1041 2208 iu
1064 2160 1187 2209 omnes

140 2265 255 2349 partes
286 2257 383 2325 exire
411 2255 620 2336 videantur;
654 2255 683 2324 si
715 2278 807 2325 caeco
837 2256 964 2325 itinere
994 2255 1187 2348 pervadant

141 2396 255 2443 rerum
289 2371 465 2455 latebras;
507 2373 536 2441 si
570 2371 802 2442 foraminibus
837 2372 955 2443 nescio
989 2373 1115 2464 quibus
1149 2394 1187 2442 se

141 2495 327 2579 emmpant
356 2487 564 2570 identidem,
589 2488 725 2557 incerto
750 2495 921 2580 tempore.
974 2487 1069 2570 Quid
1096 2508 1188 2577 quae-

141 2603 242 2674 ritis?
280 2600 323 2672 τὸ
353 2597 488 2698 ἄπειρον
518 2601 615 2672 omni
646 2601 818 2672 desiderio
848 2624 889 2671 ac
919 2610 1041 2671 mente
1071 2623 1189 2693 prose-

142 2721 271 2811 quitur.

189 2833 326 2905 Videte
343 2856 435 2916 vero,
453 2856 499 2903 an
525 2832 597 2902 tale
621 2832 754 2925 aliquid
779 2831 978 2926 significent
998 2831 1121 2900 eximii
1144 2831 1188 2899 de

143 2948 290 3020 Summa
317 2954 438 3042 (quam
465 2953 583 3038 vocat)
615 2948 842 3019 Summarum
869 2970 1010 3032 versus;
1039 2969 1188 3038 quorum

142 3065 246 3136 liceat
263 3065 321 3135 hic
339 3089 469 3158 ponere
488 3067 532 3136 de
549 3064 708 3157 pluribus
725 3088 838 3134 unum
855 3072 963 3156 atque
980 3063 1133 3133 alterum
1144 3071 1170 3130 ¹¹.

386 3209 457 3263 Ante
469 3194 561 3263 oculos
573 3226 631 3263 rem
642 3226 685 3262 res
697 3209 772 3262 finire
783 3207 906 3263 videtur:

282 3297 336 3350 Aer
348 3295 459 3367 dissepit
472 3297 569 3359 Colles,
582 3304 661 3367 atque
673 3296 742 3349 Aera
753 3303 859 3348 montes
866 3316 875 3358 ;

282 3383 364 3439 Terra
374 3403 455 3449 mare,
468 3393 494 3438 et
507 3393 600 3438 contra
610 3401 683 3437 mare
694 3393 777 3437 terras
789 3382 914 3436 terminat
926 3398 1018 3434 omnes
1030 3401 1037 3434 ι

284 3469 379 3524 Omne
393 3470 502 3542 quidem
514 3488 576 3525 vero
588 3470 655 3524 nihil
667 3478 707 3524 est
719 3469 791 3542 quod
804 3469 877 3523 finiat
889 3477 972 3522 extra.

283 3556 333 3610 Ilst
344 3558 426 3628 igitur
438 3565 534 3611 natura
545 3557 605 3621 loci,
619 3557 787 3627 spatiumque
799 3554 935 3626 profundi,

283 3641 365 3701 Quod
376 3660 462 3715 neque
474 3645 544 3697 clara
555 3661 605 3697 suo
617 3660 769 3712 percurrere
780 3642 892 3696 flumina
904 3658 985 3695 cursu

283 3728 415 3800 Perpetuo
427 3730 531 3800 possint
542 3729 592 3783 aevi
603 3728 718 3782 labentia
730 3737 816 3781 tractu
822 3749 832 3792 3

283 3816 310 3870 N
312 3835 341 3871 ec
353 3834 478 3887 prorsum
489 3818 583 3882 facere,
595 3825 626 3871 ut
638 3824 718 3872 restet
731 3816 820 3868 minus
832 3815 879 3877 ire,
892 3812 1023 3867 meando:

283 3902 377 3976 Usque
390 3903 455 3957 adeo
468 3904 567 3974 passim
579 3911 650 3972 patet
662 3903 757 3971 ingens
770 3901 846 3970 copia
857 3900 946 3963 rebus,

284 3988 395 4044 Finibus
407 3990 536 4060 exemptis
548 3990 577 4043 in
589 3996 699 4043 cunctas
710 3987 829 4058 undique
841 3994 937 4056 partes.
966 4025 968 4029 «

193 4120 348 4193 Proinde
373 4122 527 4215 imagine
552 4121 618 4190 hac
642 4119 752 4189 semel
778 4124 950 4209 conceptu
972 4115 1059 4185 Loci
1085 4111 1191 4182 nullis

557 4380 572 4410 θ
584 4371 663 4425 Lucr.
680 4388 703 4424 1.
716 4384 777 4442 997.
