2768 4876
163 340 350 385 rumnxxv.
400 318 615 400 Quantillm
628 321 943 407 oomiaoatursaepitu
957 321 1021 386 loci.
1151 325 1215 392 499

215 492 311 574 Jam,
329 491 424 583 quod
445 491 491 560 ad
515 512 591 561 rem
612 489 817 562 hodiernam
835 491 975 573 attinet,
991 492 1159 573 iuvenies,
1177 494 1213 561 ni

165 605 279 688 fallor,
296 609 335 675 iu
356 605 501 699 singulis
518 605 593 676 fere
609 607 823 676 carminibus
847 614 978 698 praesto
999 629 1075 676 esse
1093 605 1213 676 Poetae

166 721 324 792 Chorum
355 720 586 804 domesticum,
620 744 692 791 uon
721 720 834 803 illurn,
860 721 922 812 qui
951 720 1126 814 Olympiae
1155 721 1213 791 vel

165 836 326 930 Delphis,
354 838 430 928 ipso
459 836 662 931 certaminis
686 835 848 918 articulo,
865 835 1039 906 adfuerat.
1091 834 1214 909 Vesti-

164 952 231 1044 giis
256 952 421 1042 equidem
447 951 594 1021 minime
620 950 736 1021 dubiis
759 951 880 1020 videor
904 951 992 1020 mihi
1018 951 1213 1043 deprehen·

166 1065 270 1149 disse,
295 1065 440 1136 Pindari
461 1074 637 1159 quotquot
662 1074 789 1136 extant
816 1065 1041 1159 Panegyrica,
1068 1068 1096 1136 si
1119 1067 1214 1136 exci-

165 1180 241 1270 pias
263 1182 334 1250 tria
358 1182 505 1252 fortasse
528 1180 584 1251 vel
608 1189 759 1272 quatuor
785 1182 829 1251 de
850 1180 1117 1273 Olympicorum
1147 1205 1214 1251 nu-

165 1318 274 1377 mero,
298 1297 413 1388 primo
440 1297 548 1367 inisse
576 1304 718 1366 cantata
744 1295 802 1365 vel
828 1297 865 1364 in
894 1298 1008 1386 patria
1033 1296 1089 1365 vel
1117 1307 1213 1367 certe

165 1410 259 1500 apud
290 1408 509 1478 domicilium
537 1431 671 1492 eorum,
696 1410 756 1499 qui
783 1408 888 1478 laude
913 1408 981 1478 ista
1007 1408 1212 1478 beabantnr.

167 1522 225 1593 Ex
243 1546 314 1614 qno
336 1523 498 1607 efficitur,
515 1524 663 1594 mirifica
679 1524 831 1616 quadam
853 1524 1024 1593 varietate
1044 1524 1212 1616 distingui

166 1641 323 1730 potuisse
357 1662 431 1730 prae
465 1640 604 1709 caeteris
638 1640 713 1731 ejus
744 1640 908 1720 carmina,
939 1661 1003 1730 pro
1033 1640 1128 1708 varia
1157 1637 1215 1708 vel

166 1752 325 1823 locorum
361 1754 481 1824 indole
515 1754 571 1823 vel
609 1752 808 1823 fabularum
846 1754 1098 1836 recordatione,
1133 1777 1214 1844 quae

168 1891 249 1937 cum
268 1868 415 1962 siugulis
432 1868 519 1938 locis
535 1867 627 1938 forte
645 1870 795 1959 quadam
814 1869 947 1937 fuerint
965 1869 1177 1959 conjunctae.

216 1980 275 2052 Ac
292 1983 414 2066 nostis,
432 1983 566 2074 opinor,
582 1990 754 2073 quantum
771 1981 911 2051 intersit
928 1981 972 2050 ad
990 1990 1213 2050 venustatem

169 2096 342 2188 ejusmodi
367 2097 608 2189 scriptionum,
625 2107 669 2166 ut
688 2119 735 2166 ne
754 2097 903 2167 nimium
922 2105 1096 2188 vagentur
1120 2097 1216 2188 cogi-

168 2212 320 2282 tationes
337 2219 446 2303 atque
462 2219 581 2281 motus
599 2212 807 2292 animorum,
825 2210 887 2281 sed
905 2209 1076 2292 locentur,
1093 2210 1122 2280 si
1139 2210 1215 2279 fieri

167 2327 288 2419 possit,
315 2327 353 2396 in
383 2336 481 2397 certa
504 2326 657 2418 quadam
683 2327 827 2418 regione
853 2335 891 2394 et
916 2326 1053 2394 vicinia.
1105 2323 1215 2416 Cujus

169 2442 219 2510 rei
244 2449 347 2513 tanta
371 2451 426 2512 est
450 2442 511 2524 vis,
530 2450 572 2511 ut
592 2442 717 2533 saepius
735 2439 924 2522 Homerus,
942 2439 1126 2533 Virgilius,
1144 2439 1214 2521 alii,

168 2556 425 2627 immiscuerint
443 2557 565 2627 dedita
581 2578 688 2648 opera
707 2556 964 2626 narrationibus
985 2557 1055 2626 suis
1074 2557 1217 2626 nomina

169 2670 343 2754 villarum,
374 2672 527 2754 urbium,
553 2670 751 2754 fluminum,
779 2671 888 2740 etiam
918 2672 1130 2762 ignotorum,
1159 2669 1217 2739 vel

167 2786 264 2856 nuda
288 2785 346 2856 vel
370 2784 510 2874 ἐπιθέτῳ
535 2784 695 2877 simplice
718 2792 861 2868 ornata3
888 2807 933 2854 ne
957 2785 1095 2853 deesset
1117 2783 1214 2873 quod

168 2900 329 2972 veritatis
358 2901 486 2992 specie,
512 2899 615 2969 tenui
641 2899 784 2991 quidem
812 2898 882 2982 illa,
911 2906 1150 2968 commoveret
1179 2907 1217 2967 et

169 3024 314 3110 caperet
342 3017 488 3086 animos.
546 3014 643 3084 Nam
670 3015 789 3084 nescio
813 3015 1002 3106 quomodo,
1027 3014 1217 3084 nominatis

169 3130 275 3201 modo
298 3129 510 3211 nominibus,
528 3128 645 3198 solent
661 3128 727 3198 sibi
744 3127 905 3198 homines
920 3127 1016 3197 ultro
1032 3128 1216 3220 regionum

170 3269 209 3317 ac
226 3246 388 3316 locorum
404 3245 533 3317 faciem
549 3244 752 3336 depingere.
805 3242 918 3314 Verbi
935 3243 1069 3335 gratia:

273 3389 284 3416 ¹
294 3381 368 3435 Ereti
379 3397 476 3434 manus
487 3379 585 3442 omnis,
597 3377 776 3449 oliviferaeque
788 3378 938 3432 Mutuscae:

294 3464 350 3524 Qui
361 3463 529 3519 Nomentum
539 3464 644 3528 urbem,
657 3465 704 3535 qui
717 3464 803 3518 Rosea
813 3483 877 3518 rura
888 3464 985 3527 Velini,

294 3551 350 3612 Qui
359 3551 473 3606 Tetricae
484 3549 623 3604 horrentes
634 3566 724 3618 rupes,
736 3557 908 3620 montemque
921 3547 1058 3613 Severum,

295 3635 501 3707 Casperiamque
513 3635 614 3697 colunt,
628 3633 793 3705 Forulosque
804 3643 830 3688 et
842 3634 942 3688 flumen
956 3633 1096 3696 Himellae5

294 3721 349 3781 Qui
359 3722 478 3777 Tiberim
491 3720 665 3791 Fabarimque
676 3719 792 3783 bibunt;
811 3736 879 3790 quos
891 3719 987 3790 frigida
999 3719 1071 3773 misit

292 3807 402 3871 Nursia,
414 3815 441 3860 et
454 3806 577 3860 Hortinae
589 3807 696 3868 classes,
708 3806 852 3876 populique
865 3805 961 3858 Latini.

174 3925 235 3998 Sin
253 3927 447 3998 Homerica
463 3927 576 4011 malis,
593 3926 702 3997 habes
718 3927 755 3995 in
774 3926 945 4019 catalogo
963 3934 1141 3997 sexcenta.

271 4053 318 4106 ὀἱ
330 4051 353 4106 8
364 4050 452 4122 Ὑρίην
463 4049 583 4120 ε’νέμοντο
595 4051 637 4105 καὶ
649 4052 748 4106 Αὐλίδα
758 4051 931 4123 πετρηέσσαν,

293 4139 403 4208 Σχοῖνόν
413 4159 450 4202 τε,
463 4139 567 4192 Σκῶλόν
577 4158 615 4200 τε,
627 4137 790 4207 πολύκνημόν
801 4138 822 4192 τ’
835 4138 969 4201 Ἐτεωνόν,

311 4305 444 4361 rAEeetc
459 4317 485 4376 7.
499 4317 559 4376 711.
899 4314 909 4342 ⁵
928 4306 961 4360 it
976 4322 1000 4358 2.
1014 4304 1074 4376 496.

638 4412 664 4462 n
681 4394 707 4463 k
725 4399 748 4462 2
