2768 4876
222 333 287 400 618
347 335 412 400 Uar
425 333 600 399 Arabtotahr
613 335 651 398 de
664 335 749 398 rums
762 333 935 398 amariae
947 342 1054 398 torcat.
1085 355 1182 398 rann.
1191 358 1266 399 xxx.

271 507 363 577 Cum
380 509 584 601 Thucydide
605 509 691 579 facit
709 506 974 600 Aristophanes,
993 507 1091 579 nulla
1113 530 1186 578 non
1202 507 1269 578 Go-

220 624 350 693 moedia
383 625 600 695 mentionem
634 625 804 695 adhibens
834 625 1019 718 pinguium
1052 645 1268 716 camporum,

221 737 354 808 villulae
366 740 552 822 affluentis‚
558 740 758 810 vetulorum
771 741 861 810 festo
873 742 930 810 die
943 741 1190 833 apricantium,
1202 761 1267 809 cae·

220 864 376 926 terorum
394 881 471 949 quse
494 860 538 928 ad
564 881 623 928 rus
646 858 791 928 beatum
818 859 1008 951 pertinent.
1060 857 1268 928 Accedebat

219 973 344 1063 utique
365 995 544 1044 servorum
562 974 684 1066 copia:
712 997 758 1043 ne
784 974 876 1044 forte
900 975 1040 1056 mirere,
1059 973 1195 1043 Atticis
1213 971 1266 1041 vel

219 1089 386 1159 mediocri
413 1089 491 1159 loco
516 1090 608 1159 natis
626 1091 739 1158 otium
758 1098 832 1158 tam
849 1090 990 1159 abunde
1015 1090 1266 1181 suppeditasse,

220 1206 314 1295 quod
331 1207 368 1274 in
386 1208 477 1299 agris
494 1214 612 1297 posset
629 1207 778 1296 quisque
795 1227 1011 1275 consumere.

270 1323 388 1406 Quare
406 1323 497 1393 sieut
513 1321 583 1391 illis
602 1321 811 1403 Homericis,
830 1323 880 1391 sic
896 1320 951 1391 his
969 1345 1110 1412 quoque
1123 1320 1265 1414 'l'ragoe-

219 1438 273 1507 dis
290 1461 360 1507 non
374 1439 574 1520 defuerunt,
586 1460 734 1528 quorum
748 1460 816 1529 ope
832 1437 967 1507 mederi
985 1445 1129 1529 possent
1146 1438 1265 1518 amori,

220 1578 290 1646 quo
315 1554 519 1648 flagrabant,
544 1554 720 1646 sylvarum
745 1577 787 1624 ac
817 1552 1015 1622 fluminum.
1072 1551 1150 1623 Illis
1180 1551 1266 1622 nihil

220 1694 307 1764 opus
324 1680 400 1741 erat
417 1680 503 1740 tuuc
520 1671 689 1762 temporis
708 1670 807 1760 justo
825 1669 990 1750 carmine,
1007 1691 1090 1738 cum
1108 1668 1147 1737 in
1163 1668 1266 1737 rebus

219 1782 303 1873 ipsis
316 1783 473 1873 quotidie
491 1805 532 1851 ac
549 1780 659 1851 libere
676 1789 909 1851 versarentur.
959 1779 1064 1861 Satis,
1078 1788 1121 1848 ut
1134 1780 1265 1871 opinor,

219 1898 407 1980 habebant,
438 1899 465 1967 si
496 1899 631 1968 ratione
667 1897 949 1976 similitudinum,
980 1897 1009 1965 si
1034 1883 1157 1965 ¹verbis
1185 1894 1266 1963 hinc

218 2014 301 2084 inde
319 2016 444 2106 sparsis
462 2013 626 2084 efferrent
643 2013 839 2082 identidem
852 2014 936 2104 quid
954 2013 1049 2081 intus
1066 2010 1249 2081 sentirent.

270 2128 375 2212 Quod
392 2131 421 2200 si
439 2131 516 2221 quis
533 2129 634 2199 malit
652 2128 813 2198 extitisse
831 2128 938 2198 etiam
957 2128 1070 2219 prisco
1087 2125 1151 2195 illo
1167 2125 1267 2196 Grai·

220 2266 320 2313 orum
349 2244 478 2314 saeculo
503 2246 563 2335 qui
590 2245 710 2313 dedita
738 2266 844 2335 opera
871 2242 1089 2313 celebrarent
1118 2241 1265 2311 Natura¹

220 2359 351 2441 laudes,
369 2361 528 2451 profecto
549 2362 578 2430 is
602 2383 660 2432 me
685 2358 830 2429 habebit
853 2381 974 2428 secum
996 2380 1104 2450 prope
1122 2377 1267 2426 consen·

220 2475 390 2557 tientem3
417 2476 482 2544 etsi
507 2498 621 2557 nemo,
641 2475 734 2566 quod
759 2474 941 2553 sciamus
963 2473 1105 2542 nomine
1123 2471 1266 2563 quidem

220 2598 324 2659 tenus
350 2591 509 2682 supersit,
529 2591 588 2680 qui
609 2591 645 2658 in
669 2613 712 2658 eo
733 2612 863 2681 genere
882 2588 1043 2680 viguerit.
1097 2585 1170 2656 Sed
1196 2609 1266 2655 non

220 2705 373 2773 multum
405 2705 567 2796 equidem
600 2728 642 2774 eo
673 2704 836 2796 scrupulo
871 2725 1108 2773 commoveor.
1170 2699 1265 2769 Nam

221 2844 297 2911 quae
324 2845 379 2891 res
409 2822 593 2903 scribendi,
620 2821 744 2890 cadem
771 2819 911 2912 legendi
938 2841 1078 2909 quoque
1105 2814 1266 2887 stimulos

221 2937 278 3007 vel
305 2939 448 3008 sustulit
472 2938 528 3007 vel
559 2939 687 3006 minuit
718 2947 824 3007 certe.
878 2936 1008 3006 Parum
1037 2936 1075 3003 in
1104 2933 1267 3003 manibus

221 3055 331 3123 futuri
355 3064 455 3124 erant
475 3055 605 3137 Poeta,
623 3055 683 3145 qui
702 3077 760 3124 eas
777 3055 883 3122 modo
901 3051 1191 3122 commendarent
1208 3050 1266 3117 de·

221 3170 330 3251 licias,
340 3173 468 3262 quibus
483 3169 539 3238 vel
553 3171 685 3261 absque
699 3193 820 3238 eorum
834 3191 900 3259 ope
914 3168 998 3236 satis
1011 3188 1186 3257 superque
1199 3164 1264 3232 frui

221 3294 364 3377 possent
389 3287 559 3356 homines.
613 3285 739 3376 ltaque
765 3285 885 3366 nolite,
905 3306 1030 3374 quaeso,
1056 3282 1188 3361 mirari,
1211 3277 1264 3346 vel

221 3425 367 3494 magnos
398 3412 435 3472 et
465 3401 680 3472 excellentes
711 3403 802 3470 viros
832 3400 901 3469 alio
932 3419 1108 3489 quemque
1138 3416 1266 3487 genere

222 3517 405 3599 laborasse,
424 3518 480 3587 vel
498 3520 584 3608 siqui
604 3517 748 3587 minoris
770 3526 863 3585 notae
884 3515 975 3584 hanc
993 3514 1057 3582 sibi
1078 3513 1267 3582 sumserint

222 3634 448 3724 provinciam,
475 3657 596 3703 eorum
623 3656 704 3702 curn
731 3633 868 3723 scriptis
894 3629 1102 3698 memoriam
1128 3648 1267 3717 quoque

221 3749 334 3840 ipsam
351 3750 504 3840 periisse.

273 3862 377 3945 Quod
395 3865 489 3932 idem
508 3864 552 3931 de
570 3862 774 3931 Aristotele
789 3860 857 3928 dici
884 3865 1009 3950 potest,
1029 3877 1104 3924 rem
1126 3874 1267 3923 omnem

223 3978 274 4046 ita
307 3986 495 4061 tractante,
531 3979 628 4069 quasi
662 4000 766 4045 nemo
801 3995 940 4067 prorsus
968 3973 1050 4063 jure
1084 3976 1269 4039 censeatur

224 4091 345 4172 Poeta,
368 4095 434 4161 nisi
460 4094 519 4183 qui
546 4116 600 4162 res
626 4102 742 4185 gestas
769 4089 964 4170 hominum,
991 4087 1176 4176 variosque
1201 4084 1268 4152 for·

224 4216 317 4276 tunae
339 4206 447 4291 lusus,
469 4232 530 4277 seu
552 4209 681 4278 narrari
706 4215 806 4276 curet
832 4205 905 4274 sive
930 4205 966 4270 in
993 4223 1135 4271 scenam
1161 4199 1265 4268 mitti.

225 4319 309 4389 Non
331 4324 424 4392 enirn
448 4325 556 4414 ipsius
575 4321 779 4413 Philosophi
806 4318 959 4389 indolem
984 4316 1195 4385 crediderim
1215 4336 1267 4382 so·
