2768 4876
163 345 227 415 756
368 349 493 412 Tomari
510 346 674 432 terpaton
689 346 773 409 ruris
788 345 945 421 decimis,
993 366 1217 407 rumnxxxvu.

165 527 223 589 cet
251 517 394 589 latentis
424 518 577 589 flammae
606 520 741 590 semina
771 517 951 600 elicuerat,
979 526 1020 587 ut
1048 518 1101 600 fit,
1127 519 1218 610 peri-

166 635 286 704 culum
317 644 419 704 atrox
449 645 487 704 et
516 657 634 727 grave,
663 657 772 726 prope
805 635 931 716 visum,
962 635 1134 724 tenuique
1171 634 1220 701 vi·

166 759 282 819 tatum
315 751 535 819 discrimine:
575 751 695 840 itaque
726 757 851 841 praeter
886 748 1027 818 solitam
1062 748 1219 818 dulcedi-

167 887 260 946 nem,
287 888 376 935 carae
400 866 476 956 jam
507 865 589 933 inde
618 888 659 934 ac
686 864 902 933 venerabiles
929 886 1005 933 esse
1035 872 1218 954 coeperunt

168 982 316 1074 singulae
347 1004 411 1063 res,
441 1005 517 1072 quae
547 982 591 1050 ad
622 979 775 1073 agellum
806 980 906 1049 illum
935 1003 1078 1070 quoquo
1108 978 1214 1047 modo

166 1098 403 1189 pertinebant.
457 1097 661 1167 Pertinebat
686 1106 818 1177 autem,
836 1095 968 1186 siquid
987 1117 1137 1185 usquam
1166 1116 1218 1161 re·

169 1213 318 1282 vocabat
336 1213 526 1305 imaginem
545 1213 621 1302 ejus
638 1221 676 1280 et
692 1212 910 1291 memoriam,
928 1210 1113 1299 omnisque
1131 1231 1218 1299 prae-

169 1328 289 1397 sertim
317 1328 367 1396 rei
394 1327 543 1407 rusticae,
562 1328 712 1418 vitaeque
739 1325 916 1416 sylvestris
941 1334 1087 1394 omatus
1105 1332 1143 1392 et
1163 1346 1219 1390 su·

168 1443 297 1536 pellex.
340 1442 492 1513 Proinde
508 1465 620 1535 genus
642 1441 730 1511 illud
748 1442 951 1511 universum
968 1449 1216 1531 prosecuturus

169 1569 246 1629 erat
265 1558 437 1651 Virgilius
461 1581 503 1628 ea
523 1558 639 1650 (paene
661 1558 791 1646 dicam)
812 1556 1079 1650 religioneque
1105 1554 1216 1632 teneri

169 1674 285 1746 solent
311 1675 444 1745 cordati
471 1676 590 1767 piique
607 1674 681 1755 viri,
700 1674 863 1764 siquem,
882 1672 1030 1742 favente.
1046 1671 1215 1750 Numine,

168 1795 296 1876 praeter
330 1809 428 1877 spem
462 1767 718 1878 recupaverint,
745 1785 817 1854 sive
845 1783 1015 1854 dilectum
1046 1807 1109 1853 seu
1140 1805 1217 1874 pro-

168 1901 352 1991 pinquum.

227 2015 287 2084 Ne
312 2016 446 2086 multa:
474 2016 566 2086 sicut
592 2015 760 2085 credibile
783 2026 848 2097 est,
867 2013 1058 2108 Virgilium
1085 2013 1130 2082 ad
1157 2013 1217 2082 AE-

169 2131 274 2200 neida
291 2132 509 2201 scribendam
529 2133 724 2214 accessisse,
743 2155 788 2200 ne
805 2131 939 2200 nullam
964 2129 1093 2199 redditi
1113 2127 1216 2222 agelli

170 2246 350 2316 videretur
381 2248 548 2341 Augusto
585 2249 713 2317 referre
747 2248 918 2340 gratiam:
958 2246 1006 2315 sic
1041 2243 1217 2338 Georgica

170 2385 252 2433 cum
270 2374 423 2444 caneret,
443 2364 645 2434 versabatur
668 2365 705 2432 in
729 2363 839 2434 oculis
865 2364 1061 2452 animoque,
1081 2362 1216 2453 opinor,

170 2479 327 2571 ejusdem
352 2479 457 2572 agelli
485 2489 624 2548 tantum
653 2503 724 2548 non
751 2480 880 2560 amissi,
902 2478 1047 2546 vixdum
1075 2478 1216 2569 penitus

170 2595 343 2687 pleneque
361 2597 500 2676 servati,
519 2596 786 2686 praesentissima
803 2619 844 2664 ac
863 2594 1062 2663 dulcissima
1083 2616 1218 2661 memo-

169 2713 239 2781 ria:
269 2736 338 2802 quo
357 2722 393 2780 et
415 2713 569 2781 tenerius
591 2720 758 2781 tractaret
776 2712 903 2792 omnia,
923 2719 959 2778 et
982 2709 1115 2777 arctius
1133 2732 1217 2800 quo-

169 2828 358 2896 dammodo
393 2826 676 2918 amplecteretur.
730 2827 825 2895 Nam
859 2835 896 2894 et
923 2824 1044 2894 viliora
1070 2846 1217 2916 quaeque

169 2967 272 3013 suum
298 2943 431 3013 habent
457 2944 621 3034 pretium,
638 2944 799 3033 fiuntque
823 2964 912 3022 cara,
931 2941 1038 3031 siquis
1060 2962 1103 3008 ea
1124 2941 1158 3007 vi
1180 2950 1215 3008 et

169 3060 295 3150 injuria
309 3067 456 3127 conetur
469 3060 622 3150 eripere:
647 3059 778 3127 nedum
797 3057 933 3149 paterni
948 3055 1056 3124 Lares
1070 3064 1108 3123 et
1127 3078 1214 3132 rura,

169 3182 206 3243 et
230 3174 433 3242 suavissima
456 3173 517 3243 illa
535 3174 738 3243 deliciarum
762 3173 964 3265 agrestium,
988 3170 1142 3238 fontium
1166 3191 1216 3238 sa-

170 3311 319 3369 crorum,
338 3298 501 3357 notorum
520 3288 707 3357 fluminum
725 3310 817 3356 aura.

220 3403 259 3474 Si
285 3414 484 3495 quaerantur
511 3405 693 3497 exempla3
726 3413 766 3471 ut
797 3404 1002 3471 omittamus
1033 3400 1214 3470 notissima

168 3518 230 3589 illa
246 3520 283 3588 in
302 3520 478 3590 Bucolicis
489 3517 516 3603 ¹⁴,

310 3666 452 3722 Fortunate
465 3683 553 3728 senex,
567 3683 630 3735 ergo
641 3674 688 3719 tua
700 3681 762 3717 rura
773 3662 935 3716 manebunt:

169 3747 206 3808 et

309 3835 349 3888 lte
361 3852 436 3898 meae,
449 3833 584 3904 quondam
596 3833 658 3886 felix
671 3850 761 3901 pecus,
773 3833 809 3885 ite
821 3831 943 3900 capellae:

168 3974 238 4041 quo
263 3951 381 4019 animo
407 3950 540 4041 putatis
566 3949 838 4018 eumineidisse
863 3949 900 4016 in
927 3945 1091 4015 Mantuae
1119 3967 1212 4014 men-

167 4068 311 4145 tionem,
330 4090 410 4136 eum
431 4066 625 4157 disputaret
644 4066 687 4134 de
705 4086 866 4133 arvorum
885 4057 1080 4155 ingeniis¹l

306 4203 395 4257 Saltus
409 4213 434 4257 et
447 4204 529 4257 saturi
542 4204 623 4272 petito
635 4202 782 4272 longinqua
794 4202 911 4264 Tarenti,

235 4344 317 4399 kEoi.
334 4364 356 4399 1.
371 4361 413 4415 47.
838 4346 846 4382 ¹
862 4347 955 4412 Georp.
970 4362 994 4399 2..
1011 4358 1071 4415 197.
