2768 4876
161 354 370 398 aasuxxvu.
395 343 525 419 propter
538 335 708 420 opinionem
722 337 878 422 quandum
892 337 1071 400 surditates.
1148 338 1210 399 551

163 524 278 593 neque
295 501 405 595 vulgo
428 500 613 594 legebatur
636 524 753 594 neque
770 502 955 573 dicebatur
972 505 1017 572 de
1034 505 1213 596 superiore

163 613 258 685 loco:
275 615 583 708 conjungebantur
593 606 712 686 omnia
724 639 807 686 cum
817 615 967 685 Musicis
978 616 1102 698 modis,
1113 639 1212 685 cum-

164 751 232 820 que
257 737 430 822 apparatu
454 751 564 821 prope
586 730 745 802 scenico:
772 730 873 822 cujus
890 732 988 821 quasi
1014 729 1212 823 fulgoribus

163 842 332 914 effectum
354 852 420 926 est,
437 852 479 914 ut
496 845 597 934 siqua
613 854 705 914 esset
726 845 892 914 audacior
917 844 1037 937 paullo
1054 866 1211 926 censura,

164 980 208 1028 ne
233 970 358 1028 tamen
383 981 426 1028 ea
447 960 564 1050 palam
585 960 623 1028 in
647 959 768 1029 oculos
787 959 941 1050 profanae
965 960 1079 1051 plebis
1096 962 1212 1029 incur-

164 1081 268 1144 reret.
320 1072 460 1163 Quotus
477 1075 572 1143 enim
590 1076 748 1166 quisquc,
766 1084 868 1143 tanto
885 1075 1004 1143 sonitu
1028 1084 1106 1144 tum
1130 1097 1213 1144 can·

164 1188 319 1257 tantium
344 1195 422 1258 tum
444 1211 665 1282 organorum,
683 1189 741 1258 vel
758 1189 901 1258 auribus
926 1189 1123 1280 percepisse
1148 1211 1213 1281 pu-

165 1302 294 1371 tandns
310 1311 366 1372 cst
382 1325 523 1374 sensum
541 1326 664 1372 eorum
682 1326 763 1395 quae
781 1302 1016 1373 canebantur!

211 1414 355 1486 Verum
377 1420 557 1486 enimvero
578 1417 613 1485 in
642 1418 738 1485 omni
762 1417 829 1486 hoc
853 1425 1062 1509 argumento
1083 1418 1212 1508 primas

165 1550 308 1599 necesse
325 1539 380 1601 est
397 1531 557 1601 obtineat
574 1530 635 1600 ille
651 1531 750 1601 locus
765 1532 826 1622 qui
843 1553 925 1602 cum
942 1531 1112 1624 religione
1129 1555 1213 1601 con-

161 1643 344 1736 jungitur:
379 1668 458 1716 eam
486 1646 566 1715 dico
596 1645 812 1738 religionem,
840 1669 911 1736 qua
939 1644 1081 1716 Graecia
1109 1654 1212 1718 vetus

167 1759 445 1849 prosequebatur
469 1782 539 1841 eos,
566 1763 627 1850 qui
657 1761 870 1830 carminibus
898 1751 1041 1852 operam
1069 1761 1211 1833 dabant.

169 1872 350 1943 Nimirum
378 1873 429 1963 (id
452 1875 546 1965 quod
573 1884 690 1945 narrat
713 1874 855 1945 Tacitus
880 1875 926 1944 de
951 1875 1103 1944 foeminis
1124 1875 1214 1945 Ger-

167 1989 367 2076 manorum)
385 1987 499 2057 inesse
525 1994 686 2057 sanctum
707 1988 793 2077 quid
818 2009 860 2057 ac
885 1987 1070 2078 providum
1092 1985 1213 2055 Poetis

167 2101 362 2191 putabant;
392 2123 541 2192 eamque
567 2103 769 2193 opinionem
799 2125 843 2171 eo
872 2102 985 2194 magis
1010 2109 1096 2173 tunc
1122 2108 1214 2169 tem-

168 2217 260 2307 poris
290 2217 442 2309 viguisse
468 2217 686 2298 crediderim,
708 2219 803 2308 quod
828 2213 1010 2311 ῥαψῳδοῖς,
1029 2218 1090 2307 qui
1112 2239 1214 2286 voca-

169 2331 306 2414 bantur,
323 2331 406 2424 styli
423 2331 480 2402 vel
506 2332 624 2401 nullus
647 2340 723 2401 erat
743 2355 826 2403 usus
845 2332 902 2402 vel
923 2342 1019 2402 certe
1042 2354 1213 2423 perrarus.

170 2443 272 2514 Nihil
302 2468 458 2536 unquam
488 2469 533 2516 ex
568 2448 699 2538 scripto
729 2447 937 2528 recitabant,
969 2446 1030 2515 sed
1058 2448 1214 2515 carmina

168 2560 366 2630 fundebant
394 2584 457 2652 pro
491 2585 530 2630 re
559 2585 600 2631 ac
630 2569 802 2653 tempore,
817 2556 819 2561 ’
834 2560 945 2631 veluti
973 2562 1099 2653 quibus
1129 2583 1214 2634 aura

168 2677 332 2767 quaedam
349 2676 500 2744 divinior
515 2675 714 2745 efflavisset.

217 2789 276 2861 Sit
293 2813 376 2860 vero
393 2791 477 2860 satis
494 2811 573 2859 eam
599 2813 675 2858 rem
701 2790 811 2859 semel
829 2797 971 2858 tantum
996 2788 1054 2858 hic
1079 2811 1215 2858 memo-

168 2928 271 2988 rasse,
288 2904 511 2974 manifestam
529 2905 646 2988 nimis,
663 2907 856 2996 tritamque
875 2904 1014 2996 jamdiu
1037 2905 1214 2996 proverbii

168 3019 280 3089 ferme
296 3019 387 3089 ritur
409 3019 606 3110 praesertim
632 3020 726 3110 apud
745 3020 904 3102 Latinos,
921 3041 1071 3109 quorum
1088 3020 1125 3086 in
1143 3041 1215 3088 ser-

168 3155 274 3203 mone
299 3131 407 3202 verba
434 3132 506 3214 illa,
531 3129 685 3216 Currere,
700 3132 859 3215 Carmen,
887 3131 996 3214 Valet,
1023 3133 1213 3224 ancipitem

168 3248 345 3339 quandam
366 3247 565 3317 habuerrmt
582 3249 675 3332 vim3
706 3250 850 3319 fuerunt
865 3247 1031 3318 videlicet
1047 3270 1212 3339 magnam

167 3369 306 3454 partem
329 3362 519 3454 auguribus
545 3365 746 3433 communia
767 3387 849 3433 cum
871 3363 1002 3432 Poetis.
1054 3352 1213 3445 Quarum

167 3484 289 3547 autem
310 3477 471 3568 gentium
497 3478 674 3569 popularis
691 3501 761 3548 vox
781 3487 819 3548 et
844 3478 965 3571 lingua
990 3485 1126 3546 tantam
1152 3477 1214 3547 ha-

168 3590 246 3661 buit
266 3584 565 3682 'significationem
592 3593 751 3662 arctioris
776 3593 958 3684 cujusdam
984 3593 1214 3664 necessitudi-

168 3704 234 3789 nis,
253 3724 326 3794 qua
348 3703 625 3791 Divinationem,
644 3729 751 3797 quam
775 3715 912 3790 vocant,
936 3707 1057 3799 attigit
1081 3705 1212 3787 Poesis,

169 3818 262 3911 apud
279 3817 422 3888 easdem
438 3812 476 3889 et
493 3821 558 3911 ipsi
576 3844 648 3890 non
666 3845 743 3891 raro
760 3822 913 3916 Tyranni
932 3822 1103 3915 religione
1127 3843 1214 3890 nou·

168 3932 267 4004 nulla
291 3934 445 4003 devincti
468 3936 692 4020 tenebantur,
713 3947 750 4008 et
775 3961 904 4031 magno
927 3937 1047 4008 Poetis
1072 3937 1212 4006 futurus

170 4055 244 4119 crat
269 4046 443 4141 praesidio,
466 4047 644 4120 liberrime
670 4058 708 4119 et
733 4053 950 4122 severissime
975 4053 1211 4134 monentibus,

171 4158 283 4260 plebis
312 4163 421 4245 favor,
450 4156 520 4233 non
555 4164 658 4235 facile
691 4188 851 4260 passurae,
884 4167 991 4262 siquis
1025 4169 1214 4242 immanius
