2768 4876
166 1425 522 1515 rnmcnorm
556 1375 888 1515 1111111111
923 1429 1212 1513 SECUNDA.

163 2036 232 2106 Ejus
246 2039 363 2104 Poeceoe,
376 2059 432 2112 qoae
444 2041 480 2095 od
490 2047 611 2094 moturum
624 2040 748 2112 pertinet,
756 2041 867 2111 ponitur
875 2041 1012 2111 precipuo
1024 2040 1216 2111 1111111111-

200 2125 268 2190 titio,
281 2126 351 2180 dotis
368 2128 397 2181 io
413 2128 539 2198 specimen
552 2129 612 2182 himo
624 2128 756 2192 Lucretio,
769 2128 843 2181 itlimc
859 2128 979 2197 Virqilio.
1015 2127 1143 2182 haeretic
1161 2144 1217 2180 cum

194 2210 291 2278 primic
303 2213 418 2281 placere,
435 2213 525 2283 siquid
541 2213 617 2266 tabet
634 2213 727 2267 orcomi
744 2219 769 2266 et
786 2213 884 2282 infiniti
900 2214 1022 2277 Notoro3
1040 2212 1147 2265 otherio
1165 2219 1217 2264 tun

197 2298 287 2368 opotio
307 2306 360 2353 tum
379 2301 537 2361 candorem
563 2307 695 2354 ventorum
716 2307 794 2371 atque
815 2301 881 2354 lucio
901 2301 1076 2354 mobilitatem.
1114 2298 1218 2352 Eciude

200 2384 335 2440 odomocce
346 2405 401 2440 eum
412 2387 526 2458 Epicuri
537 2387 671 2441 rationem.

167 2555 332 2733 NON
363 2582 441 2629 sum
472 2561 619 2642 nescius,
646 2558 866 2642 Academici,
893 2558 1115 2629 subtiliorem
1142 2557 1218 2649 ple-

281 2699 430 2767 rumque
454 2698 530 2746 esse
555 2699 596 2745 ac
620 2676 818 2745 tenuiorem
844 2677 1062 2768 poeticarum
1088 2673 1217 2743 harum

165 2791 368 2861 deliciarum
395 2793 577 2872 rationem,
608 2814 715 2883 quam
741 2816 818 2884 quae
844 2791 947 2862 facile
973 2799 1071 2861 certo
1099 2789 1219 2881 aliquo

165 2907 325 2990 formula,
344 2909 502 2978 verbisve
520 2911 700 3001 conceptis
718 2909 890 2979 contineri
910 2908 1028 3000 possit.
1082 2906 1219 2976 Occur-

166 3025 212 3093 rit
226 3024 391 3095 videlicet
405 3049 546 3116 quoquo
564 3034 601 3096 te
615 3034 730 3095 vertas
747 3024 846 3106 illud,
859 3023 961 3113 Quod
975 3045 1103 3116 nequeo
1120 3045 1218 3093 mom-

165 3148 286 3220 strcre
306 3149 336 3210 et
352 3141 461 3210 sectio
479 3151 620 3212 tamtum.
672 3141 811 3212 Vereor
836 3149 968 3224 autem,
985 3162 1031 3209 ne
1052 3138 1154 3209 nulla
1171 3161 1217 3208 ex

165 3265 265 3348 parte
286 3258 397 3350 magis
418 3256 576 3328 laborare
594 3257 779 3327 videantur
795 3257 833 3340 ii,
851 3258 910 3349 qui
928 3256 1087 3326 dehisce
1108 3255 1217 3326 rebus

166 3373 283 3442 edicta
304 3373 527 3466 promulgare
552 3382 682 3456 amant,
706 3397 812 3465 quam
835 3374 896 3443 ubi
919 3380 1067 3442 ventum
1094 3379 1149 3441 est
1172 3371 1217 3440 ad

165 3512 241 3558 rem
258 3491 436 3573 rusticam,
450 3500 557 3582 atque
574 3492 617 3560 ad
636 3513 758 3560 eorum
777 3488 968 3560 Poetarum
986 3510 1142 3571 causum,
1157 3489 1216 3580 qui

165 3606 203 3674 in
219 3605 423 3676 fluminibus
440 3606 615 3699 sylvisque
632 3607 761 3676 versati
779 3614 872 3675 sunt.

216 3721 313 3791 Nam
331 3745 422 3792 curae
440 3722 583 3812 quidem
605 3723 790 3793 hominum
813 3729 850 3792 ct
876 3721 1029 3815 negotia,
1048 3728 1124 3792 tam
1141 3721 1219 3792 bel·

166 3837 234 3909 lica
250 3863 356 3930 quam
380 3839 506 3922 civilia,
524 3848 598 3910 tam
624 3839 766 3932 publica
784 3862 890 3931 quam
916 3841 1063 3932 privato,
1081 3838 1217 3909 habent

166 3977 268 4026 suum
287 3957 352 4027 cibi
371 3957 556 4048 quodque;
582 3957 725 4038 habent,
743 3957 837 4047 quod
863 3955 1044 4047 proprium
1071 3955 1119 4024 sit
1140 3955 1219 4024 uni·

166 4072 292 4161 cuique
317 4095 359 4141 ac
384 4073 610 4163 praecipuum.
663 4069 770 4139 Dicas
797 4068 912 4163 plane,
938 4068 1033 4138 hunc
1059 4069 1216 4152 nautica,

165 4185 266 4255 illum
296 4187 438 4258 militari
469 4187 580 4282 gloria
607 4188 697 4279 capi,
721 4185 926 4278 offerrique:
960 4184 1045 4256 huic
1069 4207 1217 4279 gymna-

166 4303 257 4372 sium
282 4303 430 4396 placere,
449 4305 550 4375 alteri
569 4305 712 4387 curiam,
730 4305 849 4387 tertio,
867 4304 896 4372 si
914 4303 984 4372 fors
1010 4304 1062 4373 itu
1083 4302 1216 4384 tulerit,
