2768 4876
168 305 233 367 502
386 303 552 368 Pindum
563 323 630 368 cura
647 303 773 369 Oowbto
786 306 981 390 ωαῳααίίαν.
1034 321 1213 373 vunnim.

343 471 517 541 ὑψηλοτάτων
527 469 634 542 μαρτύρ’
647 471 767 528 ἀέθλων.
778 513 784 528 .
797 512 820 528 ..

345 557 552 626 Οὐλυμπιονίκαν
563 557 636 611 δέκευ

344 640 457 710 χαρίτων
469 640 538 695 ἕκατι
549 641 625 695 τόνδε
637 647 730 710 κῶμον.

219 752 311 824 Haec
327 754 380 823 ita
396 754 580 845 descripsit
594 754 771 824 Oowleius
788 763 919 838 noster,
933 763 976 824 ut
991 779 1063 825 non
1080 756 1119 826 in
1132 755 1216 827 Pin-

168 869 285 938 darica
298 870 403 937 modo
417 877 624 963 assurgeret,
636 892 760 938 verum
774 870 893 952 etiam,
906 872 1000 961 quod
1013 873 1051 940 in
1063 871 1127 941 illo
1141 873 1215 942 viro

166 983 303 1065 mirere,
320 982 443 1052 multis
460 982 601 1074 punctis
617 978 828 1076 magistrum
847 991 1039 1074 superaret.
1078 985 1216 1056 Audite

167 1120 270 1167 vero:
301 1120 501 1189 quanquam
525 1121 648 1167 vereor
674 1098 849 1189 equidem,
875 1106 917 1167 ut
942 1098 1017 1168 ulla
1042 1121 1089 1169 ex
1114 1110 1215 1190 parte

169 1212 306 1282 Latinis
340 1213 469 1304 possim
499 1215 646 1283 reddere
674 1213 865 1304 profundos
899 1213 1004 1283 simul
1039 1222 1076 1284 et
1106 1215 1212 1284 vehe-

167 1336 305 1399 mentes
323 1350 443 1398 versus
455 1339 479 1395 Ζ.

414 1461 529 1516 Carmen
542 1462 584 1516 dic
596 1479 660 1533 age:
678 1461 809 1518 fervidam

378 1548 465 1602 Annis
477 1548 610 1618 perpetuis
624 1547 662 1602 01
675 1548 752 1602 serias
764 1548 858 1618 lyram.

413 1636 487 1689 Anni
500 1635 620 1705 perpetui
631 1632 721 1690 viden’

378 1721 418 1776 Ut
428 1723 510 1791 longo
522 1720 629 1775 veniant
640 1720 781 1790 compositi
792 1718 892 1774 choro?

413 1807 452 1860 Ut
460 1807 561 1877 junctae
573 1805 697 1860 manibus
709 1823 805 1859 manus

378 1891 548 1964 AEquatoque
559 1890 640 1962 pedes
651 1892 749 1961 impete
760 1899 870 1962 pareant

413 1977 529 2048 (Mirum
537 1977 557 2044 t)
571 1976 734 2032 carminibus
745 1977 830 2031 meist

379 2063 429 2117 Illo
441 2063 507 2117 dum
519 2061 626 2118 dabitur
637 2063 705 2117 serre
717 2061 812 2134 pedem
824 2060 915 2124 choro,

413 2147 545 2201 Nostrum
556 2164 612 2201 nou
624 2147 709 2202 aberit
719 2149 813 2210 melos,

378 2234 472 2288 Donec
484 2250 590 2287 summa
602 2233 659 2287 dies
670 2233 781 2288 terribili
792 2232 859 2287 tuba

411 2315 511 2371 Mundi
524 2318 645 2372 concinet
657 2318 768 2382 exitum,

350 2433 352 2436 <
376 2402 440 2455 Non
451 2404 537 2456 latura
549 2402 605 2456 dies
617 2403 707 2457 mollia
719 2403 845 2457 carmina.

217 2523 321 2606 Quod
350 2524 379 2592 si
406 2523 520 2593 iubis
545 2525 752 2615 profundior
777 2523 952 2594 Oowleius
975 2531 1013 2593 et
1037 2523 1212 2616 grandior,

168 2639 202 2706 vi
236 2660 307 2705 non
346 2646 419 2706 tam
458 2660 531 2720 sua,
565 2660 672 2729 quam
706 2639 965 2709 vaticinationis
999 2637 1139 2720 divinae,
1175 2646 1213 2707 at

167 2752 251 2821 alibi
274 2760 394 2821 tamen
422 2753 635 2844 ingeniosior
660 2752 774 2821 multo
801 2751 955 2822 Noster:
984 2753 1036 2821 ita
1062 2772 1146 2821 vero
1172 2761 1213 2822 ut

167 2866 296 2958 frigore
317 2868 385 2935 isto
412 2867 617 2936 subtilitatis
638 2867 835 2937 ambitiosae
858 2888 1039 2958 uunquam
1057 2887 1095 2936 se
1112 2866 1212 2958 tangi

166 2982 268 3050 sinat.
324 2981 440 3063 Quam
464 2980 604 3062 vellem,
623 2981 778 3051 Cowleio
796 2983 920 3050 eadem
946 2980 1038 3050 foret
1060 2981 1215 3072 pruden-

168 3093 231 3168 tia!
271 3093 447 3186 Exemplo
465 3095 546 3176 sint,
559 3094 687 3183 quibus
704 3092 896 3184 alloquitur
914 3093 1086 3162 Pindarus
1104 3093 1214 3186 Cory-

165 3208 310 3300 pbaeum
340 3207 507 3300 Agesiae:
542 3208 602 3298 qui
631 3206 781 3300 Agesias
811 3231 892 3277 oum
923 3207 1058 3300 origine
1088 3205 1213 3290 Arcas,

168 3324 280 3413 patria
304 3323 412 3395 fuerit
429 3321 630 3403 Siciliensis,
648 3322 751 3413 fingit
769 3321 881 3391 Poeta
906 3342 1073 3412 pompam
1098 3319 1145 3388 ab
1169 3342 1213 3388 eo

166 3435 293 3510 deduci
319 3457 341 3503 a
367 3433 575 3525 Stymphale
604 3434 649 3503 ad
678 3432 877 3525 Syracusas.
930 3433 986 3503 Ea
1009 3455 1065 3504 res
1091 3433 1214 3524 paullo

167 3553 243 3614 erat
271 3546 497 3621 insolentior:
527 3547 739 3619 admonetur
766 3546 875 3639 igitur
900 3546 1043 3630 AEneas,
1070 3568 1215 3637 pompa>

165 3660 453 3750 praefectusque
478 3661 633 3728 maxime
655 3660 762 3729 modo
786 3660 870 3729 satis
896 3661 942 3729 sit
964 3660 1102 3728 muneri
1128 3659 1216 3730 faci-

166 3774 309 3842 endum.
354 3773 523 3855 Primum,
543 3774 765 3866 egredientes
781 3774 869 3844 urbe
886 3772 1071 3855 Arcadica,
1082 3774 1216 3865 juben-

166 3894 225 3962 tur
241 3886 436 3956 valedicere
454 3885 621 3956 Patrcnae
637 3886 733 3957 illius
750 3887 868 3978 oppidi
879 3897 895 3930 ³
906 3907 966 3956 2-

377 4012 484 4082 ὅτρυνον
495 4017 540 4068 νῦν
551 4011 667 4084 ἑταίρους

376 4097 461 4161 Α’ίνεα,
473 4104 576 4167 πρῶτον
588 4099 634 4166 μὲν
641 4098 729 4169 Ἦραν
739 4098 878 4168 παρθενίαν
890 4099 1077 4166 κελαδῆσαι·-

202 4287 214 4315 z
231 4278 329 4346 Cowley
343 4297 375 4332 on
388 4282 429 4333 tte
442 4281 624 4334 Resurrection
632 4302 643 4340 ;
662 4280 762 4344 Works,
771 4298 797 4349 p.
807 4279 850 4349 83.
858 4279 905 4334 iol.
916 4293 991 4350 1700.
1047 4289 1062 4319 ⁸
1076 4281 1107 4335 0.
1116 4280 1142 4335 6.
1155 4297 1213 4350 149·
