2768 4876
152 329 247 373 nanu.
258 330 364 374 xxxn.
396 308 526 373 Duobus
541 309 577 374 de
590 311 689 374 masis
702 312 806 375 amori
819 311 1090 398 Noturaefooiom.
1136 311 1201 380 647

146 480 328 552 Aoademi
354 482 506 552 umbras.
553 481 696 565 Contra,
720 482 781 573 qui
806 483 923 575 speeie
949 482 1098 554 Naturae
1122 505 1201 575 pas·

143 607 238 668 eunt
256 597 388 680 oculos,
399 610 523 668 eorum
536 597 593 666 vel
610 598 735 668 eadem
752 598 863 668 ferme
880 601 1039 669 omniurn
1057 601 1146 669 ratio
1163 607 1201 669 et

141 713 289 784 indoles
307 736 383 784 esse
400 715 572 797 videatur,
591 714 647 784 vel
673 715 725 784 ita
750 723 847 784 certe
873 716 1078 798 diversant
1103 714 1201 784 nullo

141 853 309 922 uuquam
327 830 442 901 limite
458 832 543 901 satis
560 831 747 901 manifesto
765 854 946 901 secernere
962 834 1073 924 possis
1090 855 1201 902 unum

145 948 197 1016 ab
216 947 340 1016 altero.

204 1061 344 1133 Verum
371 1062 564 1146 enimvero,
589 1063 682 1132 siout
712 1065 811 1133 aiunt
839 1066 1017 1133 neminem
1043 1065 1201 1133 omnium

151 1201 230 1248 esse
256 1175 471 1259 mortalium,
490 1178 639 1268 quinon
656 1179 732 1270 ipso
750 1201 890 1270 quoque
906 1187 1006 1247 motu
1028 1187 1202 1272 gestuque

154 1301 191 1361 et
212 1293 391 1384 perparvis
416 1293 588 1384 ejusmodi
609 1295 703 1363 notis
726 1293 864 1363 differat
889 1292 993 1385 plane
1020 1317 1040 1363 a
1066 1294 1203 1363 oaeten's

155 1408 328 1489 omnibus,
346 1408 398 1478 ita
414 1409 475 1499 qui
496 1409 585 1478 ruris
608 1418 646 1478 et
671 1417 807 1478 naturae
833 1432 952 1479 amore
976 1407 1204 1478 oontulemnt

156 1546 193 1592 se
214 1524 259 1593 ad
283 1524 439 1593 earmina
464 1524 657 1605 scribenda,
679 1547 821 1594 necesse
848 1533 903 1594 est
927 1525 1081 1595 habeant
1104 1547 1204 1594 suam

157 1641 303 1731 quisque
336 1639 505 1723 indolem,
539 1663 645 1732 quam
688 1641 809 1733 primis
844 1650 941 1711 certe
980 1642 1204 1712 lineamentis

157 1757 364 1827 adumbrare
394 1758 524 1849 possis:
556 1757 731 1827 duntaxat
761 1758 805 1826 ad
835 1757 914 1841 hoo,
941 1766 983 1827 ut
1009 1756 1118 1826 semel
1145 1759 1205 1826 de-

158 1871 252 1961 picto
269 1895 341 1942 uno
359 1872 477 1964 aliquo
501 1872 684 1965 alteroque
702 1874 746 1943 de
764 1873 945 1964 primariis,
963 1880 1088 1942 extent
1106 1873 1203 1963 quasi

158 1989 316 2077 quaedam
335 1988 560 2080 exemplaria,
578 2012 648 2081 quo
666 1990 863 2059 referantur
886 1990 1063 2058 minorum
1081 1989 1205 2061 formae

158 2126 196 2172 ao
213 2104 332 2174 facies.
384 2103 507 2196 Atque
532 2106 600 2176 hoo
626 2106 715 2175 illud
739 2114 824 2186 erat,
842 2106 937 2196 quod
955 2128 1026 2174 non
1042 2106 1203 2197 ineptum

158 2219 231 2288 fore
248 2220 429 2312 putabam,
448 2222 475 2290 si
493 2243 726 2314 proponerem
745 2222 844 2291 vobis
869 2221 985 2303 hodie,
1003 2223 1206 2313 conjectura

158 2336 396 2425 quaerendum,
420 2337 505 2428 quid
530 2338 624 2407 inter
640 2337 785 2430 Virgilii
809 2345 846 2407 et
869 2335 1025 2406 Lucretii
1052 2338 1206 2407 rationes

158 2475 268 2521 unum
293 2453 450 2523 maxime
474 2453 644 2523 interesse
665 2454 836 2522 videatur.
890 2451 987 2521 Nam
1014 2460 1120 2522 antea
1145 2453 1207 2522 do-

159 2567 304 2649 cuimus
329 2590 375 2636 ex
401 2565 456 2636 his
485 2566 622 2637 duobus
645 2590 716 2636 non
736 2565 829 2635 male
854 2565 935 2635 duci
961 2565 1106 2635 exordia
1131 2565 1207 2656 ejus
1246 2644 1249 2649 ,

160 2679 319 2764 Poeseos,
331 2705 412 2772 quae
429 2683 533 2752 uniee
550 2683 706 2774 pertinet
723 2684 768 2752 ad
786 2681 861 2751 oaeli
879 2688 1050 2772 terraeque
1068 2681 1205 2762 faciem,

158 2806 264 2888 atque
282 2798 326 2867 ad
346 2797 498 2867 Naturae
516 2821 654 2868 areana.

210 2913 339 3003 Itaque
368 2921 410 2981 ut
444 2912 533 2983 illud
567 2915 688 2984 statim
722 2914 906 3006 attingam,
942 2914 1035 3004 quod
1069 2913 1107 2981 in
1141 2911 1208 2982 heo

158 3029 350 3120 quaestione
386 3030 517 3120 primas
551 3052 690 3122 semper
723 3031 883 3100 tenebit:
930 3030 1061 3121 duplioi
1096 3029 1208 3097 ferme

158 3145 292 3214 ratione
328 3152 467 3214 mentes
501 3153 609 3236 atque
644 3144 791 3215 affectus
822 3144 1007 3214 homiuum
1038 3143 1208 3214 acerrime

158 3282 380 3331 commovere
404 3260 495 3330 solet
514 3261 663 3330 Naturae
689 3261 816 3344 faoies3
843 3259 899 3329 vel
924 3268 1066 3352 propter
1088 3281 1209 3329 causas

157 3398 275 3446 rerum
302 3377 446 3467 penitus
478 3376 589 3446 ferme
620 3377 773 3446 latentes
803 3385 910 3468 atque
944 3378 1090 3459 abditas,
1122 3399 1208 3467 quas

157 3490 217 3560 ubi
246 3490 356 3560 semel
386 3491 542 3561 divinare
568 3494 714 3584 ooeperit
740 3494 887 3575 animus,
915 3492 1049 3584 expleri
1073 3492 1209 3583 nequit,

157 3605 217 3674 diu
250 3602 477 3695 multumque
513 3605 672 3674 mirando
689 3602 798 3674 ε-τὸ
834 3601 902 3700 γὰρ
936 3600 1106 3685 μανθάνειν
1140 3600 1208 3686 ἡδὺ,

156 3717 207 3787 καὶ
236 3714 280 3788 τὸ
312 3713 605 3815 θαυμάζειν-ιθί
636 3727 779 3811 propter
808 3719 1000 3811 imaginem
1032 3716 1207 3808 quandam

157 3834 285 3926 quietis
302 3842 341 3903 et
358 3835 433 3918 otii,
452 3857 522 3925 quo
540 3856 577 3904 se
599 3835 695 3904 refioi
719 3837 864 3904 tandem
888 3858 928 3904 ao
955 3834 1104 3903 recreari
1131 3855 1210 3901 sen-

157 3951 253 4019 tiunt
272 3949 444 4031 homines,
466 3951 556 4041 siqui
577 3972 632 4019 res
652 3959 782 4043 gestae,
801 3951 956 4041 vitaeque
973 3949 1129 4042 negotia,
1147 3957 1210 4017 aut

157 4087 296 4157 semper
322 4066 472 4148 oderint,
506 4075 568 4136 aut
598 4066 763 4136 satietate
787 4067 864 4158 jam
890 4066 1077 4158 refugiant.
1130 4063 1209 4134 Hos

157 4181 369 4264 obscuriora,
386 4179 466 4252 illos
484 4181 615 4273 juvant
636 4206 779 4253 secura:
806 4191 914 4273 atque
931 4183 1019 4251 adeo
1038 4180 1209 4260 videmus,

158 4297 219 4389 qui
244 4296 407 4368 homines
431 4299 626 4369 identidem
650 4321 830 4369 removere
855 4321 892 4368 se
916 4297 1052 4367 soleant
1077 4297 1114 4365 in
1134 4317 1210 4366 rus·
