2768 4876
167 310 232 374 552
316 308 477 375 Divinum
491 311 629 376 occa‘aa‘m
643 310 764 389 Portas,
779 322 843 376 tam
857 311 973 398 wlpra,
1003 335 1101 378 nana.
1113 334 1214 378 mu.

167 483 252 574 quid
269 484 461 552 tentaverit
485 484 519 552 in
541 484 678 574 eosqui
698 483 856 553 Deorum
877 499 990 574 prope
1005 483 1149 553 oracula
1165 484 1216 553 fe·

166 598 303 668 rebant.
358 598 477 681 Quare
497 607 535 668 et
553 597 763 681 Simonides,
782 597 936 679 Pindari,
953 605 995 667 ut
1012 599 1216 680 aiunt-ma·

165 713 285 805 gister,
298 713 472 805 insignem
487 711 653 784 Hieronis
664 714 816 806 Tyranni
828 713 979 806 gratiam
991 713 1144 796 meruit;
1168 736 1214 784 ex

167 849 238 919 qno
255 827 422 897 effectum
440 837 508 910 est,
523 837 564 899 ut
583 829 700 898 inille
718 826 869 922 Dialogo
887 829 947 918 qui
964 829 1109 897 nomine
1127 827 1216 898 Hie-

167 941 260 1010 ronis
277 942 488 1024 inscribitur,
500 942 703 1035 Xenophon
717 940 999 1037 elegantissimus
1015 942 1214 1013 istiusmodi

166 1056 321 1148 partium
338 1059 471 1127 arbiter
487 1057 570 1128 huic
587 1061 809 1151 potissimum
827 1059 913 1151 regii
932 1057 1120 1128 consiliarii
1137 1080 1215 1150 per·

166 1194 288 1242 sonam
319 1173 510 1242 tribueret:
541 1181 579 1244 et
606 1172 769 1244 laudatus
794 1173 855 1244 iile
880 1173 1041 1266 Tyrtaeus
1070 1181 1213 1243 tantum

166 1287 284 1378 potuit
302 1288 395 1378 apud
413 1287 614 1378 Spartanos,
632 1296 675 1357 ut
697 1311 768 1357 non
793 1288 900 1357 modo
920 1309 1054 1357 novum
1075 1289 1115 1357 in
1140 1311 1215 1359 cer-

166 1408 287 1471 tamen
312 1399 453 1492 fugatos
479 1422 520 1469 ac
545 1424 649 1493 paene
666 1401 893 1492 desperantes
918 1409 1072 1484 acueret,
1090 1423 1214 1471 verum

165 1515 275 1584 etiam
292 1523 334 1585 ut
352 1513 503 1585 Helotas
528 1515 663 1607 aliquos
685 1540 730 1586 ex
754 1518 829 1609 ejus
851 1518 1029 1587 sententia
1045 1517 1214 1587 duxerint

164 1629 488 1699 manumittendosr
523 1652 592 1721 quo
618 1629 764 1700 corrsilio
790 1631 850 1699 vix
876 1631 1067 1722 quidquam
1095 1630 1214 1722 potuit

164 1742 318 1812 odiosius
335 1744 409 1812 dari
426 1766 467 1813 ac
485 1742 678 1825 molestius,
696 1754 841 1836 propter
858 1745 999 1813 insitam
1011 1742 1214 1814 Laconibus

165 1858 410 1950 arrogantiam.
447 1856 577 1949 Neque
588 1878 671 1928 vero
683 1883 766 1928 eum
784 1860 820 1929 id
834 1858 990 1929 effecisse
1003 1858 1214 1928 crediderim

166 1967 240 2041 sola
258 1971 472 2042 Martiarum
495 1975 689 2043 carminum
712 1976 758 2057 vi,
776 1975 836 2045 sed
863 1973 977 2043 multo
1000 1975 1114 2068 magis
1139 1973 1216 2065 opi-

165 2086 271 2155 nione
287 2085 439 2176 quadam
457 2086 673 2168 sanctitatis3
700 2086 831 2177 quippe
856 2086 1062 2155 arcessitum
1079 2083 1213 2154 oraculi

166 2200 317 2283 monitu,
333 2201 612 2291 fundentemque
629 2223 749 2270 versus
775 2201 851 2292 ipso
874 2199 1076 2292 praeliorum
1100 2199 1213 2282 initio,

165 2324 272 2406 prout
288 2323 394 2384 oestro
412 2324 488 2383 erat
513 2315 549 2383 in
574 2337 726 2405 praesens
751 2314 917 2406 percitus.
969 2313 1078 2383 Porro
1102 2313 1215 2384 nemi-

166 2448 250 2499 nem
266 2430 361 2519 quod
382 2430 491 2500 sciam
513 2428 664 2521 legimus
684 2450 800 2519 neque
819 2424 983 2522 ῥαψῳδὸν
998 2451 1117 2520 neque
1133 2428 1216 2521 lyri-

167 2567 249 2613 cum
276 2542 350 2613 ulla
379 2566 534 2635 unquam
565 2543 697 2612 invidia
721 2542 777 2612 vel
806 2543 971 2635 principis
999 2543 1056 2613 vel
1080 2543 1214 2613 civium

167 2679 309 2725 suorum
335 2651 474 2747 gravius
500 2657 632 2736 arsisse,
659 2664 804 2747 propter
826 2656 912 2724 vitia
941 2657 1045 2725 nimis
1070 2657 1214 2725 incaute

167 2770 386 2862 reprehensa.
417 2769 521 2852 Quod
536 2778 659 2839 eontra
671 2769 837 2839 multavit
849 2770 1000 2861 populus
1013 2769 1214 2840 Athenien·

167 2888 213 2956 sis
227 2885 467 2978 Phrynicbum
484 2886 643 2976 pecunia,
657 2882 841 2954 Socratem
859 2885 967 2954 etiam
986 2887 1080 2955 vita:
1108 2887 1213 2955 credo

167 3003 251 3091 quia
267 3001 324 3070 vel
341 3000 439 3069 nulia
456 2999 512 3068 vel
529 3009 626 3069 certe
646 2999 826 3068 obscurior
846 3001 1010 3070 exstabat
1035 3001 1131 3092 apud
1152 3022 1213 3070 eos

168 3117 295 3208 opinio,
313 3114 433 3184 Deum
450 3115 662 3184 carminibus
680 3123 717 3183 et
735 3114 873 3184 vatibus
891 3115 1022 3185 adesse.

219 3231 405 3300 Hactenus
425 3231 470 3299 de
487 3230 584 3323 vulgi·
600 3230 756 3321 judicio:
789 3239 913 3300 cavete
936 3239 1069 3312 autem,
1086 3259 1213 3326 παρρη-

168 3347 242 3415 σίαν
259 3345 356 3414 illam
375 3344 557 3414 Poeticam
574 3344 645 3415 ulla
670 3368 708 3414 re
729 3346 840 3438 magis
860 3345 1010 3437 viguisse
1028 3347 1210 3426 censeatis,

167 3484 273 3552 quam
297 3461 415 3529 divina
438 3461 590 3550 quadam
615 3461 780 3551 ipsorum,
798 3460 859 3549 qui
882 3460 1083 3542 cantabant,
1105 3462 1212 3533 auda·

168 3575 241 3656 cia3
268 3572 406 3663 quoties
426 3572 588 3642 videlicet
604 3594 808 3664 persuasum
826 3580 902 3643 erat
922 3573 1036 3654 alicui,
1055 3573 1131 3642 fieri
1152 3596 1213 3666 po-

168 3689 277 3770 tuisse
295 3686 388 3755 utin
407 3686 477 3769 suis
495 3710 634 3778 quoque
652 3687 864 3756 carminibus
880 3688 1011 3756 inesset
1029 3709 1098 3755 vox
1117 3710 1213 3779 quae·

169 3805 250 3874 dam
267 3826 339 3871 non
352 3824 414 3869 sua
427 3801 487 3870 sed
506 3802 674 3871 divinitus
688 3802 793 3871 edita.
845 3801 1037 3872 Pindarum
1051 3823 1094 3869 ea
1106 3801 1212 3872 fuisse

169 3917 354 3997 sententia,
375 3939 503 4007 magno
528 3917 636 4007 ipsius
660 3916 812 3985 Poeseos
838 3916 1036 3998 commodo,
1054 3916 1140 3986 satis
1157 3915 1213 3986 vel

168 4057 240 4102 uno
266 4032 327 4101 ilio
352 4032 521 4101 docemur
546 4033 709 4112 carmine,
728 4031 822 4122 quod
848 4031 1002 4122 primum
1027 4031 1122 4100 inter
1146 4031 1213 4123 Py-

168 4147 265 4231 thica
290 4147 430 4246 iegitur.
483 4149 540 4218 Ac
558 4149 660 4231 uenia
680 4148 726 4219 sit
753 4169 864 4239 pauca
889 4145 947 4224 hic
973 4147 1150 4237 repetenti
1168 4147 1211 4217 de
