2768 4876
202 1384 560 1467 PRAELECTIO
595 1386 878 1510 VlcEslntA
912 1387 1158 1469 OCTAVA

156 1949 315 2012 Dubitatur,
327 1966 363 2002 aa
375 1949 516 2004 Primariis
532 1950 631 2001 rostris
648 1955 717 2002 recta
734 1956 915 2002 annumeretur
924 1950 1075 2020 Sophocles.
1113 1949 1211 2014 Prima,

197 2035 265 2106 quod
276 2035 313 2088 ad
324 2035 434 2104 affectu
445 2041 522 2104 atque
533 2033 570 2086 ad
584 2051 627 2086 res
638 2035 765 2088 homiuum
777 2036 880 2099 attinet,
892 2037 988 2106 '‘tilii’'
1000 2037 1032 2089 ab
1040 2054 1073 2089 eo
1084 2054 1213 2108 pascuae

194 2122 349 2190 inferiorum
362 2122 499 2192 partium
518 2120 734 2176 iuoedarcorunia
749 2122 835 2192 arada
846 2123 923 2176 nimis
931 2130 1063 2192 auarutm
1082 2141 1133 2176 aon
1145 2125 1212 2178 satr'r

196 2209 297 2262 vadari
310 2215 418 2278 partes..
448 2207 558 2271 Deinde,
572 2207 641 2277 quod
653 2207 689 2260 ad
706 2215 833 2261 terrarum
852 2215 877 2261 et
895 2210 952 2262 cati
962 2210 1073 2277 faciem,
1086 2211 1213 2264 amastis·

172 2325 175 2329 >
195 2294 262 2347 rima
280 2311 335 2348 asse
352 2311 408 2364 quia
425 2293 535 2347 ediderit
553 2299 606 2346 tum
623 2293 651 2346 ia
665 2293 747 2362 Ajacc
765 2300 818 2346 tum
834 2294 863 2346 in
878 2293 1031 2356 Philoctete,
1045 2294 1092 2347 sed
1107 2296 1214 2348 rariora

197 2398 274 2452 ariam
292 2398 348 2451 qua
361 2387 460 2451 pascat
475 2380 611 2451 panaria
628 2379 738 2433 Poescos
755 2381 833 2433 ratio.
870 2379 991 2434 Laudari
1010 2397 1065 2433 cum
1080 2382 1215 2452 precipua

197 2473 251 2519 tam
267 2466 334 2536 ctyli
347 2484 437 2528 causa,
450 2473 504 2519 tum
513 2465 669 2533 fabularum
683 2465 897 2519 coemendarum
912 2472 986 2518 arte.-
1004 2483 1114 2536 quarum
1129 2484 1214 2520 rerum

196 2559 332 2622 mamque
342 2570 394 2606 uon
405 2552 469 2606 adeo
476 2553 610 2623 pertinere
621 2552 657 2605 ad
667 2553 781 2606 nanuum
794 2559 819 2605 et
830 2570 916 2606 uerum
925 2552 1051 2606 Pactam.-
1065 2552 1213 2623 presertim

196 2653 253 2690 aum
270 2636 338 2690 idem
353 2640 389 2710 τῷ
405 2637 488 2708 μιάρῳ
496 2637 608 2707 prtpiua
626 2638 782 2697 accesserim
801 2637 903 2690 comica
921 2644 946 2690 et
958 2637 1102 2707 popularia
1121 2643 1213 2706 capta·

197 2724 285 2784 uerit;
303 2724 422 2778 imitator
438 2724 533 2795 sapius
549 2725 678 2785 museum
702 2731 755 2778 tam
771 2724 884 2780 mortiise
900 2742 976 2797 quam
987 2724 1095 2796 carptis
1104 2726 1213 2782 εὔκολος

189 2811 288 2879 suerit.

238 2997 382 3072 AUcA
409 2998 516 3069 hodie
547 2999 739 3079 locuturus,
763 2997 982 3081 Academici,
1006 2999 1051 3067 de
1077 2997 1214 3089 Sopho-

263 3112 419 3182 cleorum
446 3114 641 3183 carminum
668 3114 815 3196 ratione,
834 3136 946 3204 eoque
973 3115 1018 3183 de
1043 3112 1213 3204 1000‚qui

165 3239 265 3300 tanto
284 3229 454 3321 Scriptori
478 3231 700 3322 potissimum
718 3231 885 3322 assignari
905 3230 1032 3299 debeat
1050 3231 1087 3299 in
1105 3229 1213 3298 choro

165 3344 367 3427 Poetarum,
386 3346 489 3414 video
507 3347 671 3437 equidem
693 3368 752 3415 me
777 3369 850 3426 non
872 3346 1098 3426 mediocrem,
1116 3352 1157 3413 ut
1176 3345 1213 3414 in

164 3460 225 3530 tali
256 3484 305 3543 re,
336 3463 529 3554 suscepisse
562 3461 599 3530 in
633 3483 692 3530 me
725 3461 907 3530 invidiam.
960 3460 1087 3530 Nostis
1117 3461 1212 3530 enirn

165 3598 270 3666 quam
293 3598 383 3670 aegre
409 3576 500 3646 ferre
526 3576 663 3646 soleant
686 3575 858 3659 homines,
879 3574 981 3644 litem
1007 3575 1142 3644 moveri
1168 3577 1214 3644 de

164 3690 298 3760 meritis
314 3712 524 3784 magnorum
542 3689 746 3772 Poetarum,
766 3713 887 3759 eorum
907 3692 1110 3782 pracsertim,
1126 3712 1214 3782 quos

164 3802 237 3894 ipsi,
249 3802 410 3894 juniores
431 3825 514 3874 oum
532 3812 661 3882 essent,
679 3804 930 3874 adamaverint.
976 3803 1109 3872 Nescio
1128 3825 1215 3894 quo-

163 3916 270 3986 modo
295 3917 361 3987 sibi
386 3918 472 4010 ipsis
499 3941 560 3989 seu
588 3918 756 3987 damnum
783 3920 856 3988 sire
883 3918 1137 3988 contumeliam
1161 3918 1215 3986 in-

164 4030 244 4101 ferri
262 4031 497 4115 arbitrantur3
525 4033 631 4126 plane
643 4034 743 4123 quasi
760 4033 818 4103 vel
835 4035 1005 4126 sanguine
1025 4032 1082 4102 vel
1100 4056 1215 4103 sacro·

165 4153 284 4215 sancto
308 4146 461 4237 quodam
485 4148 618 4217 foedere
643 4148 845 4239 pertineant
868 4149 913 4217 nd
939 4148 1033 4239 ipsos
1057 4146 1082 4215 ii
1107 4147 1214 4238 scrip-

166 4267 268 4345 tores,
279 4283 431 4356 quorum
448 4265 606 4335 uersibus
623 4265 842 4334 assueverint
858 4286 881 4333 a
897 4271 1029 4345 tenero,
1044 4271 1086 4333 ut
1098 4264 1212 4345 nunu,

660 4399 726 4450 no
