2768 4876
174 325 372 369 suffixum.
409 307 459 368 De
473 305 653 390 Supplicem
668 305 727 368 boo
741 306 776 368 ia
790 305 923 389 quodam
941 307 1086 391 Trilopiu.
1158 312 1218 373 451

170 475 273 546 velut
286 472 448 547 Ἱκετιδῶν
469 474 655 567 prooemiis.
707 473 931 546 Accedamus
955 499 1048 546 nunc
1072 478 1117 546 ad
1141 501 1220 548 eam

171 591 284 682 ipsam
306 591 537 684 Tragoediam,
561 614 639 682 quae
664 600 760 660 certe
786 615 831 660 ex
859 592 1031 672 omnibus,
1054 614 1131 682 quae
1158 591 1221 662 ho,-

172 706 231 776 dic
258 713 458 798 supersunt,
482 705 687 798 AEsohyleis,
714 729 814 775 curas
843 729 884 775 ac
915 707 1033 775 studia
1061 706 1219 776 foemina-

172 843 252 889 rum
269 820 430 912 proxime
448 822 573 912 tangit.
626 819 788 893 Fortasse
806 843 877 889 non
894 819 988 889 male
1002 820 1141 911 judicet
1158 820 1221 890 ali·

172 935 260 1025 quis,
282 934 438 1010 Ἱκετίδας
463 938 635 1027 respicere
660 937 705 1005 ad
733 958 811 1006 eam
840 935 1044 1005 Promethei
1072 945 1218 1026 partem,

171 1073 251 1141 quae
267 1058 405 1142 spectat
422 1052 466 1120 ad
485 1050 525 1119 Io
543 1060 580 1120 et
598 1051 674 1141 ejus
698 1051 867 1132 fortunas,
885 1073 955 1141 quo
977 1051 1088 1119 ferme
1114 1052 1219 1120 modo

172 1166 315 1236 initium
345 1166 493 1257 alicujus
521 1166 683 1258 Trilogiae
713 1167 901 1257 respondet
931 1165 1032 1235 alteri
1061 1167 1217 1256 ejusdem

173 1281 229 1350 vel
255 1280 394 1351 ultimae
420 1281 521 1372 parti.
574 1281 707 1350 Fateor
732 1283 896 1371 equidem
919 1304 1001 1350 curn
1023 1281 1097 1349 viro
1123 1282 1221 1374 inge-

172 1397 311 1479 niosor,
349 1419 516 1488 apparere
549 1398 586 1464 in
622 1394 847 1487 Supplicibus
885 1396 1035 1488 vestigia
1071 1397 1218 1466 minime

172 1511 281 1582 dubia
316 1512 513 1603 imperfecti
548 1513 684 1602 operis;
727 1513 918 1603 prasertim
953 1511 1014 1580 ubi
1049 1513 1114 1580 sub
1148 1512 1218 1582 fine

173 1627 367 1720 Tragoediae
393 1626 534 1720 litigant
563 1628 656 1696 inter
680 1649 717 1695 se
742 1627 822 1706 duc,
841 1649 928 1718 quos
947 1641 1086 1712 vocant,
1106 1626 1220 1699 Semi-

173 1741 290 1813 chori:
319 1744 380 1813 vix
398 1751 517 1811 tamen
537 1764 619 1810 curn
637 1743 763 1811 eodem
789 1741 962 1811 affirmare
987 1743 1148 1824 audeam,
1168 1767 1221 1813 se-

174 1859 335 1940 cundam,
368 1880 439 1928 non
465 1858 627 1948 primam,
655 1858 700 1926 de
726 1856 839 1926 tribus
870 1880 1050 1949 superesse
1081 1857 1218 1928 fabulis.

173 1973 280 2056 Quod
307 1975 335 2043 si
365 1975 535 2043 memoria
559 1980 720 2064 repetere
747 1971 833 2041 velis
854 1972 1023 2063 ¹reliquias
1048 1972 1219 2042 fabulosae

173 2090 341 2160 dedomo
360 2089 561 2159 Danaidum
587 2089 756 2168 historiae,
775 2089 989 2181 probabilior
1006 2090 1153 2160 fortasse
1178 2113 1220 2159 ea

173 2202 234 2272 fiet
251 2204 352 2285 ratio,
367 2227 444 2295 quae
461 2204 654 2295 principem
673 2202 791 2272 locum
809 2203 973 2272 attribuit
992 2203 1219 2295 Supplicibus

173 2319 318 2387 nostris:
343 2326 383 2386 ut
400 2319 561 2410 proxime
584 2318 629 2386 ab
651 2318 694 2387 iis
712 2317 848 2385 venerit
867 2317 978 2386 caedes
1002 2318 1219 2399 maritorum,

172 2439 340 2522 tanquam
358 2433 395 2502 in
412 2431 630 2523 Choiiphoris
647 2440 750 2500 atrox
767 2431 856 2500 illud
876 2432 1122 2522 parricidium
1148 2442 1219 2502 ter·

173 2546 222 2614 tic
240 2544 319 2614 loco
336 2568 478 2616 scenam
495 2548 638 2616 tandem
662 2545 849 2615 occluserit
874 2547 1077 2637 gravissima
1100 2570 1220 2638 poena-

173 2684 250 2730 rum
277 2670 357 2730 tum
382 2684 404 2730 a
427 2661 552 2732 Danao
577 2671 677 2755 patre
705 2670 783 2731 tum
809 2685 830 2730 a
855 2663 1110 2755 quinquaginta
1137 2663 1217 2733 filiis

171 2777 321 2857 exactio,
355 2776 485 2867 partim
519 2777 556 2844 in
587 2787 690 2857 terra,
725 2777 918 2845 maximam
952 2785 1089 2867 partem
1123 2779 1217 2867 apud

173 2888 311 2961 Manes.
369 2890 548 2960 Terribilis
584 2914 667 2960 sane
701 2891 867 2961 Dirarum
902 2891 1060 2961 Dearum
1103 2891 1215 2974 ludus,

170 3004 368 3098 dignusque
385 3005 484 3087 adeo,
495 3029 602 3097 quem
613 3005 799 3099 AEsohylus
817 3007 964 3076 mirifico
982 3006 1043 3077 illo
1058 3030 1120 3077 suo
1138 3030 1217 3077 sen-

168 3121 362 3190 tentiarum
381 3121 518 3211 impetu
537 3129 574 3189 et
591 3122 714 3190 ardore
733 3123 917 3191 verborum
937 3132 1215 3214 prosequeretur.

164 3233 252 3305 -Jarn
278 3237 446 3327 quoniam
472 3234 587 3305 voluit
613 3235 762 3306 molesta
788 3258 861 3305 sors
886 3236 954 3305 frui
978 3259 1042 3305 nos
1069 3238 1216 3306 minima

164 3351 275 3420 modo
293 3359 394 3443 parte
414 3350 621 3420 nobilissimi
638 3353 762 3443 operis,
779 3350 946 3420 membris
964 3353 1071 3421 etiam
1089 3354 1216 3422 misere

166 3465 334 3556 disjectis,
365 3489 436 3535 non
470 3466 544 3535 fieri
576 3466 704 3556 potuit,
731 3466 816 3556 quin
850 3464 954 3557 plane
988 3467 1214 3556 perderemus

169 3600 298 3672 magna
314 3602 360 3649 ex
382 3587 482 3670 parte
499 3578 652 3647 universi
669 3578 833 3651 carminis
851 3579 943 3660 vim3
970 3578 1031 3646 sed
1049 3600 1092 3646 eo
1110 3588 1214 3648 erunt

169 3695 321 3785 gratiora
338 3692 496 3786 vestigia,
514 3693 614 3785 siqua
629 3700 827 3776 occurrent,
845 3692 972 3762 fabulae
992 3694 1088 3784 prius
1105 3702 1213 3774 notae3

165 3829 233 3879 -nec
261 3809 454 3900 quidquam
480 3816 580 3877 vetat
608 3807 792 3898 utriusque
820 3829 886 3898 ope
912 3807 1086 3877 deducere
1113 3807 1214 3877 filum

167 3923 358 4014 quoddam,
383 3923 412 3992 si
441 3922 594 4013 poteris;
628 3944 698 4011 quo
727 3929 943 3991 monstretur
972 3922 1016 3991 ab
1046 3921 1214 4013 AEschylo

168 4038 292 4109 cadem
316 4038 446 4109 servari
469 4036 626 4128 vestigia,
646 4037 740 4127 quod
763 4037 820 4105 vel
844 4038 889 4106 ad
914 4036 1073 4106 Deorum
1098 4042 1214 4130 provi-

378 4212 395 4241 ¹¹
414 4203 522 4257 Muller.
535 4203 563 4255 ia
577 4203 682 4255 fiumen.
696 4221 722 4271 p.
737 4215 796 4273 237.
809 4203 886 4258 Vers.
900 4203 1006 4273 Anglic.

635 4313 660 4360 e
676 4315 700 4384 g
719 4299 741 4361 2
