2768 4876
217 1472 506 1556 MONlTUM
538 1478 618 1558 DE
650 1467 848 1556 PERSIS
880 1476 1164 1557 AESCHYLI.

588 1755 804 1788 ...Φ-,-

233 1974 452 2057 OSTQUAM
474 2001 492 2042 e
514 2001 610 2044 manu
632 1982 754 2045 exierat
774 2003 812 2044 ea
832 1986 1012 2043 nostrarum
1032 1979 1215 2042 chartarum

252 2093 356 2162 parsa,
377 2103 441 2166 qua
463 2081 502 2145 de
526 2082 698 2146 Persarum
718 2081 854 2145 fortunis
875 2081 917 2144 ab
936 2080 1093 2164 AEsohylo
1115 2080 1215 2143 irrisis

169 2179 409 2265 disputavimus,
422 2183 610 2267 significavit
621 2184 696 2247 mihi
713 2186 825 2247 doetus
836 2183 964 2267 quidam
978 2182 1107 2258 amicus,
1121 2203 1214 2266 quem

169 2280 297 2344 honoris
319 2305 423 2360 eausa,
444 2284 469 2348 si
491 2285 611 2362 liceret,
626 2285 833 2357 nominarem,
849 2283 996 2346 dubitare
1018 2304 1052 2346 se
1073 2281 1214 2366 aliquan·

168 2389 237 2446 tum
253 2384 293 2446 de
310 2385 430 2468 judicio
445 2396 564 2450 nostro.
609 2387 690 2452 Cum
706 2393 815 2450 autem
830 2407 892 2448 non
907 2384 1018 2448 leviter
1032 2384 1100 2468 ejus
1117 2385 1214 2448 ratio-

168 2485 260 2548 nibus
283 2494 458 2551 oommotns
482 2511 594 2565 essem,
613 2497 744 2573 rogatus
766 2488 832 2572 ipse
854 2509 913 2572 pro
935 2508 992 2550 sua
1015 2486 1214 2550 humanitate

167 2588 334 2663 consessit,
349 2597 385 2653 ut
399 2590 432 2651 in
450 2598 575 2674 partem
591 2591 694 2675 operis
709 2591 830 2654 veniret
845 2590 912 2673 ejus
927 2590 966 2652 da
987 2610 1025 2652 ea
1040 2589 1214 2672 quaestione

169 2689 323 2773 Epistola.
355 2690 460 2774 Ipsius
474 2692 583 2777 itaque
594 2693 691 2756 verba
705 2691 932 2776 subjungimus,
943 2690 1127 2774 dignissima
1142 2713 1212 2774 quae

167 2790 209 2852 ab
233 2791 378 2854 omnibus
404 2794 636 2877 expendantur,
659 2793 712 2878 qui
739 2800 825 2856 reete
850 2792 1008 2855 aestimare
1030 2791 1127 2854 velint
1150 2814 1213 2854 non

167 2892 315 2976 AEsohyli
345 2894 441 2957 solius
470 2901 503 2958 et
530 2895 772 2958 Atheniensium
799 2895 965 2968 rationem,
992 2894 1047 2957 sed
1073 2895 1213 2957 omnium

168 3016 292 3078 quoque
308 2996 356 3058 vel
371 2997 561 3080 scriptorum
576 2998 624 3060 vel
638 2997 811 3072 hominnm,
828 2997 881 3079 qui
903 2996 1018 3059 similes
1035 2996 1214 3079 triumphos

166 3094 231 3156 uilo
253 3104 395 3181 tempore
421 3098 552 3180 egerint.
598 3099 678 3161 Rem
700 3098 801 3183 ipsam
824 3099 857 3160 in
879 3097 1008 3181 ancipiti
1033 3097 1211 3182 linquimus,

167 3196 269 3258 nevel
285 3206 386 3281 poetae
402 3199 629 3275 laudatissimo,
647 3200 695 3263 val
711 3199 806 3262 nobili
823 3201 994 3263 Persarum
1008 3200 1212 3285 genti,quam

166 3297 309 3379 proxime
326 3321 346 3361 a
367 3300 431 3362 suis
447 3299 594 3363 Hebraeis
612 3321 717 3363 earam
732 3301 866 3363 fortasse
881 3299 994 3362 habuit
1009 3299 1124 3363 Divina
1140 3301 1212 3364 Ma

163 3395 276 3478 jestas,
291 3397 462 3482 iniquiores
477 3423 544 3464 esse
557 3400 728 3463 videamur.⁴

203 3572 222 3596 “
231 3567 259 3619 N
260 3585 296 3620 on
308 3568 429 3640 equidem
444 3570 467 3622 is
485 3588 555 3633 sum,
569 3572 615 3642 qui
632 3571 844 3633 sententiatum,
857 3588 937 3642 quam
950 3571 983 3624 de
995 3571 1082 3624 Persis
1095 3571 1211 3642 AEschy·

165 3652 213 3706 leis
229 3651 323 3717 tulisti,
335 3673 496 3725 magnopere
514 3673 662 3727 repugnare
680 3657 774 3710 ausim.
812 3658 913 3710 Verum
931 3657 959 3710 id
971 3666 1070 3719 metuo,
1083 3675 1116 3710 ne
1130 3657 1212 3711 nimia

165 3739 303 3792 severitate
320 3740 349 3792 in
364 3740 430 3794 istos
447 3742 551 3794 criticos
569 3742 690 3796 invectus
708 3743 755 3805 sis,
769 3743 814 3814 qui
826 3744 921 3796 comici
932 3742 1054 3795 nonnihil
1065 3760 1112 3812 per
1123 3751 1209 3794 totum

165 3823 277 3894 hujusce
296 3823 421 3878 dramatis
440 3826 515 3879 filum
534 3827 644 3880 subesse
663 3836 811 3881 autumant.
849 3828 944 3889 Nemo,
960 3836 990 3880 ut
1008 3827 1111 3896 opinor,
1128 3844 1210 3880 sanus

165 3910 334 3974 existimabit,
354 3928 422 3980 opus
441 3921 496 3964 tam
518 3911 653 3975 decorum,
672 3921 728 3965 tam
750 3913 918 3982 splendidum
939 3921 1016 3983 atque
1037 3914 1209 3977 elaboratum,

164 3997 244 4049 meris
263 3996 398 4050 cachinnis
416 4006 442 4050 et
459 3998 624 4050 contumeliis
643 4007 669 4050 et
681 4007 781 4052 caeterae
798 3999 916 4069 ejusdem
928 3999 1031 4068 generis
1048 4000 1210 4068 protervitati

162 4083 254 4136 locum
269 4084 298 4136 in
312 4101 393 4136 scena
409 4083 523 4138 dedisse.
561 4083 614 4136 Sed
631 4083 695 4154 quid
709 4094 788 4147 vetat,
802 4085 970 4156 AEschylum,
983 4094 1044 4154 post
1061 4095 1149 4140 tantas
1167 4105 1208 4140 res
1224 4076 1229 4082 “

510 4263 523 4291 ²
538 4253 607 4310 Prel.
620 4253 677 4300 xvii.
693 4269 716 4314 p.
726 4251 864 4313 ,aer-306.

635 4334 732 4395 aaa
