2768 4876
163 351 261 392 rann
274 349 352 391 xxv.
407 328 458 391 De
467 326 691 412 pomliriaitic
704 327 864 413 τρυίατιιια
879 326 990 392 litatis.
1152 331 1215 399 497

305 493 458 562 συμποσίου
468 513 498 547 τε
508 493 586 564 χαρίν
598 492 675 550 κᾶδός
686 513 715 546 τε
726 493 847 562 τιμάσαις
858 493 909 557 εὀν,
922 494 950 549 ἐν
963 495 992 549 δὲ
1003 495 1091 566 φίλων

306 580 455 649 παρεόντων
467 577 529 648 θῆκέ
538 599 582 647 μιν
594 579 708 644 ζαλωτὸν
720 579 868 649 ὁμόφρονος
880 580 961 634 εὐνᾶς·

308 665 350 719 καί
361 665 413 736 ίγω
424 663 515 735 νέκταρ
526 665 616 734 χυτὸν,
630 665 735 719 Μοισᾶν
746 665 830 728 δόσιν,
842 663 1004 735 άθλοφόροις

306 749 432 822 ἀνδράσιν
442 749 550 819 πέμπων
560 750 658 821 γλνκδν
670 751 768 821 καρπὸν
779 750 885 822 φρίκας,

307 836 446 906 ίλάσκομαι
459 835 594 907 Οὐλυμπία
606 835 691 890 Πυθοῖ
702 857 730 890 τε
743 837 918 891 νικώντεσσιν.

166 970 374 1051 Neminem,
403 979 446 1040 ot
473 972 609 1063 opinor,
639 994 711 1040 non
744 980 888 1042 moveat
919 970 1122 1043 dulcissima
1153 973 1216 1044 illa

165 1086 374 1157 domestica
396 1085 532 1156 laetitiae
558 1087 657 1176 quasi
683 1085 816 1166 tabula,
839 1109 944 1178 quam
970 1086 1028 1156 hic
1054 1089 1216 1181 depinxit

165 1223 237 1269 uno
264 1200 446 1292 alteroque
470 1201 653 1281 versiculo,
675 1209 845 1292 tanquam
871 1201 966 1271 aliud
993 1225 1110 1294 agens,
1137 1225 1215 1272 sua-

166 1315 330 1385 vissimus
360 1316 519 1384 omnium
548 1315 689 1385 artifex.
741 1315 884 1387 Videtis
911 1337 1004 1398 vero,
1029 1316 1215 1386 scribentis

164 1432 326 1500 animum
353 1452 507 1520 quaerere
532 1430 626 1501 ultro
654 1430 900 1500 simiiitudinee
930 1431 975 1503 ab
1003 1431 1047 1501 iis
1075 1433 1215 1522 potissi-

166 1567 268 1614 mum
292 1544 408 1625 robur,
430 1566 509 1634 quae
535 1568 617 1614 cunr
638 1546 786 1615 victoria
812 1545 945 1616 ludicra
964 1546 1133 1638 conjungi
1159 1569 1215 1615 so-

166 1657 275 1729 leant
329 1658 465 1730 Eadem
493 1659 604 1731 ferme
627 1661 782 1752 imagine
815 1661 852 1730 in
878 1662 1003 1752 quinto
1027 1660 1214 1730 Isthmico-

166 1797 247 1844 rum
279 1783 335 1845 est
368 1797 461 1857 usur,
489 1776 539 1845 ita
571 1783 693 1846 tamen
728 1784 768 1846 ut
801 1785 949 1868 poneret
981 1786 1064 1847 anto
1089 1776 1214 1846 oculor

165 1912 238 1959 non
268 1898 344 1961 tam
376 1889 535 1961 florentis
564 1891 706 1962 familiae
732 1915 839 1984 quam
868 1899 1003 1963 sanetae
1037 1891 1215 1986 religionis

163 2007 347 2098 specimen
356 2015 383 2076 ⁰.

307 2140 450 2200 θάλλοντος
460 2142 560 2214 ἀνδρῶν
571 2140 606 2200 ὣς
615 2142 662 2197 ὅτε
671 2143 824 2214 συμποσίου

306 2225 427 2301 δείτερον
438 2231 552 2299 κρατῆρα
564 2229 699 2284 Μοισαίων
709 2227 809 2298 μελέων

307 2311 427 2383 κίρναμεν
435 2312 576 2384 Λάμπωνος
584 2314 694 2369 εὐάθλου
705 2317 794 2386 γενεᾶς
805 2311 879 2383 ὕπερ,
888 2313 915 2367 ἐν
927 2311 1013 2383 Νεμέᾳ
1023 2312 1070 2382 μὲν
1077 2308 1218 2383 optram&

339 2401 388 2452 Ζεῦ

388 2437 398 2462 2

304 2483 349 2538 τίν
359 2483 384 2555 γ’
394 2483 478 2539 άωτον
490 2483 622 2556 δεξάμενοι
632 2483 779 2556 στεφάνων·

307 2572 353 2624 νῦν
363 2568 435 2628 αὖτις
444 2569 553 2640 Ἰσθμοῦ
565 2571 681 2640 δεσπότᾳ

306 2655 470 2727 Νηρεΐδεσσί
480 2678 509 2711 τε
520 2655 685 2726 πεντήκοντα,
697 2656 795 2710 παίδων
807 2655 953 2712 δσλοτάπον

307 2743 438 2796 Φυλακίδα
449 2749 577 2800 νικῶντος·
597 2740 635 2811 ε’ίη
647 2743 676 2798 δὲ
688 2743 775 2813 τρίτον

304 2831 407 2899 σωτῆρι
418 2828 606 2899 πορσαίνοντας
616 2827 751 2902 Ὀλυμπίῳ
763 2826 868 2904 Αἴγιναν
880 2826 942 2883 κάτα

308 2913 429 2969 σπένδειν
439 2915 631 2990 μελιφθόγγοις
641 2915 749 2973 ἀοιδαῖς,

168 3051 348 3124 Pertinuit
381 3055 528 3126 fortasse
558 3078 600 3126 ea
629 3057 780 3125 varietas
813 3055 858 3124 ad
892 3052 1045 3144 aliquam
1081 3072 1215 3131 eorum,

167 3190 318 3259 quorum
344 3168 465 3240 laudes
491 3170 717 3252 canebantur,
737 3169 1070 3240 dissimilitudinem.
1123 3165 1217 3257 Phy-

167 3283 319 3355 lacidam
344 3293 450 3369 certe,
477 3288 534 3356 cui
560 3285 770 3356 celebrando
795 3285 958 3356 adhibuit
980 3283 1093 3354 Poeta
1118 3282 1216 3351 illam

167 3398 266 3492 quasi
290 3398 423 3469 libandi
439 3400 638 3482 formulam,
656 3402 785 3471 scimus
802 3424 845 3470 eo
860 3408 1023 3492 tempore
1035 3400 1086 3468 ad
1104 3408 1216 3469 certa

166 3536 249 3584 men
268 3512 495 3607 Olympicum
508 3524 688 3586 arrectum
712 3523 749 3584 et
773 3516 951 3584 intentum
977 3514 1093 3583 fuisse.
1145 3511 1214 3582 Cu.

166 3629 216 3697 rei
241 3651 314 3698 non
339 3629 433 3700 male
458 3631 675 3722 congruebat
700 3629 770 3700 illa..
786 3630 895 3699 votivi
920 3627 1041 3720 poculi
1066 3627 1214 3696 mentio.

167 3739 225 3812 De
255 3741 411 3836 Diagora
439 3745 490 3814 nil
524 3744 597 3815 tale
630 3744 800 3837 legimus:
837 3752 1080 3814 memorantur
1108 3742 1215 3811 modo

166 3856 285 3948 plures
303 3861 472 3942 victoriae,
490 3859 617 3951 quibus
643 3858 704 3928 ille
726 3860 893 3930 Rhodum
920 3881 1019 3928 suam
1047 3856 1217 3928 cohones-

168 3979 313 4045 taverat.
355 3974 604 4057 Veruntamen
622 3975 728 4066 siquis
746 3975 838 4044 forte
851 3974 938 4043 uelit
953 3973 1136 4064 conjicere,
1151 3995 1217 4041 nu-

170 4088 319 4177 perrime
344 4091 548 4161 convenisse
576 4092 613 4158 in
642 4112 768 4159 manus
793 4092 869 4181 ojus
894 4089 1077 4159 foeminam
1103 4110 1212 4180 quan·

587 4324 599 4347 ⁰
618 4315 707 4368 istim.
722 4327 747 4380 5.
765 4332 787 4368 1.

654 4423 682 4474 n
700 4405 724 4473 k
