2768 4876
166 315 231 381 564
261 316 386 403 Natat
400 338 421 381 ο
436 315 575 402 Sopbodc
589 315 845 401 minoressoboloe
853 323 969 401 portes.
992 336 1089 378 enan.
1101 334 1207 376 xxvm.

167 484 361 565 hominum,
381 485 509 577 partim
529 485 564 553 in
582 485 678 555 omni
702 485 768 556 bac
785 486 875 568 caeli,
892 494 1007 568 terrae,
1024 492 1210 578 tempesta·

167 611 245 670 tum
264 601 366 671 faeie.

216 717 312 800 Quid
331 717 439 810 ergo?
461 719 556 788 dicet
573 717 717 809 aliquis:
741 741 828 788 num
845 720 882 788 in
899 718 1087 789 affectibus
1105 717 1212 787 homi-

166 854 251 900 num
271 854 392 922 parum
412 833 568 923 potuisse
578 832 792 924 Sophoclem
805 834 1031 925 judicamus?
1066 831 1211 902 Nihilne

166 947 231 1015 tibi
261 947 401 1017 videtur
434 949 470 1017 in
501 971 542 1019 ea
574 949 754 1041 provincia
781 951 904 1043 egisse,
935 951 995 1041 qui
1024 949 1211 1027 Electram,

168 1062 401 1155 Antigonem,
421 1063 671 1146 Philoctetem,
690 1063 897 1148 Herculem,
915 1067 975 1157 qui
1001 1075 1131 1157 praeter
1151 1087 1214 1134 cae-

166 1186 262 1248 toros
292 1179 468 1270 OEdipoda
501 1181 636 1250 miserit
669 1181 706 1249 in
742 1182 906 1252 scenam?
941 1182 1002 1273 qni
1036 1183 1074 1251 in
1104 1179 1213 1273 Ajace

166 1290 369 1361 bellicosam
391 1290 490 1360 illam
515 1301 552 1360 et
575 1292 785 1362 indomitam
811 1294 1046 1386 arrogantiam
1065 1290 1214 1361 feliciter

166 1407 254 1476 adeo
273 1407 533 1499 temperaverit,
551 1406 697 1477 insaniae
716 1408 930 1478 conscientia
955 1409 1115 1478 nondum
1132 1407 1214 1476 satis

167 1531 359 1592 excussat

377 1663 440 1730 ὁρᾷς
451 1661 496 1714 τὸν
509 1661 616 1730 θράσυν,
629 1663 675 1714 τὸν
687 1661 827 1728 εὐκαρδίον,

377 1748 423 1800 τὸν
434 1746 462 1801 ἐν
474 1741 555 1802 δαΐοις
567 1746 694 1816 ἄτρεστον
705 1748 808 1815 μάχαις,

378 1834 404 1887 ἐν
416 1833 529 1903 ἀφόβοις
540 1855 573 1901 με
585 1833 664 1903 θηρσὶ
676 1833 759 1887 δεινὸν
769 1832 850 1903 χέρας
856 1855 865 1896 3

377 1919 396 1972 ὤ
408 1942 452 1988 μοι
464 1924 587 1990 γελῶτος·
608 1917 662 1973 οἷον
673 1919 802 1990 ὑβρίσθην
813 1919 871 1989 ἄρα.

217 2054 294 2144 Ego
321 2075 403 2120 vero
431 2052 674 2122 lubentissime
700 2051 917 2131 crediderim,
944 2071 1010 2119 usu
1037 2048 1214 2141 plerisque

167 2167 294 2258 saepius
321 2168 468 2249 venisse,
493 2175 534 2236 ut
560 2168 636 2237 istis
663 2189 734 2235 non
762 2166 977 2244 mediocrem
1003 2165 1041 2233 in
1065 2166 1212 2233 modum

166 2283 497 2352 commoverentur:
538 2284 622 2375 quid
663 2282 756 2351 enim
795 2280 901 2350 altius
937 2288 1124 2372 penetrare
1160 2302 1214 2349 so-

167 2398 217 2467 let
247 2401 393 2483 animos,
422 2424 527 2491 quam
561 2400 673 2469 invita
701 2400 802 2468 fortis
832 2407 869 2468 et
900 2397 1117 2490 magnanimi
1148 2396 1212 2463 viri

166 2497 407 2604 comploratio,
436 2513 495 2582 vix
526 2514 671 2583 tandem
701 2513 963 2582 succumbentis
991 2511 1098 2602 hujus
1128 2511 1212 2581 vitae

166 2615 384 2698 conditioni?
437 2627 527 2698 Haeo
562 2638 681 2698 tamen
716 2628 841 2711 haben,
872 2652 935 2697 cur
964 2625 1136 2706 dubitem,
1167 2649 1211 2694 an

166 2753 264 2813 totus
287 2744 393 2814 fuerit
412 2745 605 2836 Sophocles
627 2747 663 2815 in
682 2769 724 2815 ea
742 2745 839 2836 quasi
861 2744 1007 2835 pictura,
1026 2765 1097 2834 quo
1114 2765 1212 2811 more

166 2860 281 2929 solent
311 2861 347 2944 ii,
373 2862 433 2951 qui
466 2861 589 2931 Poetae
620 2885 691 2931 nen
722 2884 798 2931 esse
828 2866 1021 2951 nequeunt.
1080 2857 1211 2940 Primo,

165 2976 259 3067 quod
285 2979 398 3046 omnis
420 2978 504 3068 ejus·
519 3001 625 3070 opera
649 2978 793 3070 ponitur
816 2978 853 3045 in
873 2976 977 3044 unius
996 2972 1117 3065 Ajacis
1134 2997 1212 3066 per·

165 3115 260 3175 sona,
275 3093 444 3184 neglectis
462 3095 572 3163 ferme
590 3095 641 3175 iis,
659 3118 735 3184 quae
752 3094 928 3162 minorum
947 3098 1119 3160 vocantur
1133 3113 1212 3182 par-

165 3208 266 3277 tium.
322 3209 450 3299 Neque
469 3210 564 3277 enim
582 3211 618 3277 in
635 3210 830 3289 Tecmessa,
846 3209 941 3299 qued
959 3209 1077 3288 sciam,
1096 3229 1212 3298 neque

163 3324 200 3390 in
228 3321 374 3404 Atridis,
406 3346 521 3414 neque
552 3324 588 3391 in
618 3325 693 3414 ipso
721 3321 851 3414 Ulysse
882 3320 1080 3412 Sophocleo
1111 3321 1212 3411 quid-

164 3459 269 3527 quam
288 3446 410 3506 extare
427 3448 534 3528 atque
553 3438 708 3506 eminere
726 3436 888 3519 dixerim,
907 3458 977 3524 quo
995 3434 1093 3526 quasi
1111 3434 1211 3527 siguo

165 3557 345 3638 separetur
368 3550 605 3640 unusquisque
631 3573 653 3619 a
678 3548 857 3618 communi
885 3567 992 3639 grege
1016 3544 1211 3614 hominum.

165 3662 207 3732 Id
234 3664 340 3732 modo
366 3662 568 3754 loquuntur,
589 3664 625 3732 id
651 3673 762 3756 agunt
788 3661 925 3754 singuli,
951 3662 1046 3754 quod
1071 3670 1134 3731 aut
1159 3660 1212 3729 in-

165 3781 293 3850 serviat
314 3779 450 3860 fabulae,
468 3789 530 3848 aut
554 3780 597 3848 ad
621 3786 870 3872 argumentum
894 3777 1036 3868 aliquod
1063 3778 1107 3846 de
1131 3776 1211 3847 sub-

164 3896 338 3966 tilioribus
361 3897 536 3987 pertinere
554 3896 724 3978 videatur,
743 3894 859 3988 qualia
884 3892 999 3963 multa
1024 3892 1133 3962 habet
1158 3915 1210 3961 re

165 4013 302 4080 centior
314 4008 519 4080 Atticorum
533 4009 667 4080 Scene:
695 4010 739 4079 de
757 4033 794 4080 se
812 4010 963 4100 suisque,
977 4008 1089 4078 altum
1108 4007 1212 4078 silen-

166 4126 266 4195 tium.
318 4125 423 4208 Quod
445 4133 577 4206 contra,
595 4127 688 4217 apud
708 4125 947 4218 Shaksperum
969 4131 1139 4205 nestrum,
1158 4121 1209 4191 uti

476 4318 584 4390 ⁸Soph.
598 4320 641 4388 Aj.
655 4321 716 4389 363.
731 4319 782 4373 Ed.
795 4319 902 4388 Musgr.
