2768 4876
164 321 229 383 804
280 316 456 402 Virgilium,
467 313 670 392 Pletoniam,
690 314 822 379 Veritutc’
828 315 1039 400 prociarum.
1061 338 1211 379 nnanxa.

228 487 284 557 Ex
318 508 390 556 uno
424 484 491 554 hoc
530 481 681 576 intelligi
718 492 845 575 potest,
879 505 965 574 quas
1000 492 1119 575 partes
1154 484 1215 553 ob-

167 603 312 672 tinuerit
339 599 513 693 Virgilius
547 601 583 668 in
622 622 744 668 eorum
780 622 920 690 quoque
954 599 1074 669 indole
1089 633 1093 640 =
1108 600 1215 669 infor-

167 719 304 798 manda,
333 738 421 807 quos
450 716 525 806 ipsa
551 714 761 784 instituebat
792 712 970 783 Ecclesia:
1005 714 1139 782 nedum
1171 715 1215 783 de

165 835 208 902 iis
235 832 385 912 dubites,
408 830 468 922 qui
494 830 652 899 nondum
675 829 845 898 dederant
870 828 922 897 illi
948 831 1107 912 nomina3
1130 853 1215 920 qua-

166 946 208 1016 lis
243 956 318 1016 erat
349 945 572 1038 Augustinus
606 945 691 1036 ipse,
722 945 765 1013 ad
800 944 955 1013 medium
991 967 1102 1035 usque
1133 948 1215 1015 vitae

167 1074 317 1154 tempus.
374 1061 517 1130 Etenim
546 1062 635 1152 siqui
665 1083 747 1129 cum
774 1059 993 1151 Hieronymo
1023 1062 1214 1130 severiores

167 1186 267 1247 erant
297 1179 333 1246 in
360 1187 581 1246 vetustorum
611 1176 740 1257 literas,
768 1183 951 1246 senserunt
981 1186 1112 1257 tamen,
1141 1179 1215 1247 sine

168 1292 320 1385 Virgilio
337 1314 559 1383 nequaquam
583 1291 712 1361 erudiri
738 1313 839 1382 posse
861 1292 1094 1383 ingenuorum
1114 1292 1213 1362 filios.

167 1410 336 1493 Queritur
369 1404 465 1488 illes,
495 1409 729 1478 “sacerdotes
759 1410 927 1498 quosdam
964 1407 1043 1490 Dei,
1079 1411 1216 1480 omissis

168 1525 370 1618 Evangeliis
393 1532 430 1594 et
455 1522 651 1616 Prophetis,
670 1524 869 1594 Comoedias
895 1524 1022 1617 legere,
1044 1527 1216 1595 amatoria

167 1641 415 1711 Bucolicorum
449 1663 612 1709 versuum
642 1640 748 1709 verba
782 1662 917 1720 canere,
948 1649 1070 1709 tenere
1097 1640 1217 1732 Virgi-

167 1755 265 1835 lium,
283 1765 321 1824 et
339 1756 373 1824 id
391 1756 485 1845 quod
512 1755 549 1822 in
575 1755 691 1845 pueris
709 1754 927 1823 necessitatis
944 1762 1009 1835 est,
1028 1756 1163 1823 crimen
1180 1756 1214 1823 in

167 1890 204 1937 se
230 1869 345 1938 facere
365 1869 586 1961 voluptatis.'’
638 1868 838 1948 Videtisne,
856 1869 931 1958 ejus
951 1877 1048 1936 certe
1067 1868 1215 1959 judicio,

167 1981 275 2051 fuisse
293 2006 366 2052 rem
386 1982 447 2052 illo
466 1992 626 2073 tempore
644 2004 783 2074 prorsus
800 1981 1055 2052 necessariam?

216 2098 319 2181 Quod
336 2100 364 2168 si
378 2098 517 2169 Platoni
533 2100 659 2168 merito
674 2097 862 2167 tribuimus
875 2099 1049 2189 propriam
1064 2097 1161 2168 illam
1176 2122 1218 2168 ac

168 2215 378 2305 praecipuam
398 2214 549 2296 laudem,
564 2237 608 2283 ex
627 2214 721 2283 illius
739 2216 960 2305 potissimum
976 2216 1113 2306 scriptis
1131 2216 1216 2284 bau-

168 2331 251 2398 sisse
266 2329 408 2399 Graecos
424 2330 584 2398 homines
602 2329 699 2398 illam
716 2330 922 2410 doctrinam,
934 2353 1010 2420 quae
1024 2329 1117 2411 viam
1133 2353 1216 2421 quo-

168 2445 357 2514 dammodo
383 2452 556 2515 sterneret
581 2445 791 2535 incorruptae
812 2444 1140 2536 Veritatit-cujus
1166 2447 1215 2515 rei

169 2559 347 2648 specimen
370 2557 541 2627 babemus
561 2559 726 2626 idoneum
746 2581 829 2627 sane
846 2582 919 2649 prae
938 2561 1087 2643 caeteris,
1105 2560 1129 2628 J
1132 2562 1216 2630 usti-

168 2696 253 2740 num
274 2672 469 2764 Martyrem
485 2674 666 2762 :—quidni
687 2674 870 2753 credimus
890 2675 1042 2743 adfuisse
1066 2677 1213 2744 eandem

169 2789 238 2855 vim
259 2787 402 2879 Virgilii
420 2811 561 2879 quoque
584 2789 806 2868 carminibus
825 2788 1009 2859 Platonica
1031 2792 1215 2860 docentis?

168 2927 295 2994 nempe
322 2913 361 2971 ut
389 2903 597 2972 Latinorum
624 2927 765 2972 suorum
793 2905 927 2974 animos
953 2906 1130 2976 imbueret
1157 2909 1217 2975 ob-

169 3043 269 3088 scuro
283 3020 435 3108 quodam
450 3042 552 3089 sensu
567 3019 721 3088 melioris
736 3019 893 3102 Naturae,
901 3020 1059 3111 Verique
1074 3024 1119 3091 de
1133 3022 1217 3092 caelo

170 3135 319 3204 venturi.
369 3135 491 3225 Atque
509 3158 551 3203 eo
570 3134 649 3226 plus
667 3134 837 3204 valiturus
855 3144 931 3205 erat
950 3136 1133 3230 Virgilius,
1148 3161 1216 3228 quo

169 3262 205 3320 et
227 3252 375 3342 poeticis
396 3260 558 3320 uteretur
581 3251 725 3333 deliciis,
744 3260 781 3320 et
806 3253 842 3320 in
867 3276 991 3322 manus
1015 3255 1216 3323 omnibuse

170 3376 301 3447 tenero,
316 3368 409 3458 quod
428 3368 537 3448 aiunt,
552 3390 671 3459 ungue
690 3369 897 3437 traderetur.
944 3369 1062 3452 Quare
1081 3370 1216 3439 facilius

168 3484 333 3552 credituri
348 3493 447 3552 erant
462 3493 538 3551 tum
558 3485 673 3552 vivere
691 3508 792 3575 posse
810 3493 888 3575 post
906 3495 1057 3554 mortem
1071 3488 1215 3568 animas,

169 3609 245 3667 tum
268 3600 310 3668 ad
334 3598 450 3668 Deum
479 3599 667 3690 aliquando
692 3601 814 3680 redire,
832 3602 928 3690 prius
953 3611 1133 3692 purgatas,
1153 3603 1214 3670 nisi

169 3716 259 3782 i'orte
286 3725 445 3783 occurrat
472 3723 508 3783 et
535 3716 652 3783 obstet
680 3717 833 3806 ipsorum
863 3717 1016 3784 immane
1038 3718 1215 3806 quoddam

169 3830 276 3910 nefas
291 3839 328 3898 et
346 3831 508 3920 pertinax
528 3831 564 3896 in
582 3831 762 3920 peccando
776 3833 925 3901 auirrrus.
959 3831 1111 3914 Deinde,
1125 3832 1215 3923 quod

170 3955 245 4014 erat
272 3947 381 4014 instar
407 3947 576 4025 omnium,
595 3954 669 4014 tam
688 3971 708 4015 e
729 3947 880 4039 Virgilio
899 3969 1004 4036 quam
1028 3970 1049 4015 e
1068 3947 1217 4016 Platone

170 4059 377 4140 didicerunt,
397 4060 618 4150 quiquidem
646 4071 746 4129 erant
772 4060 890 4129 indole
917 4059 1035 4151 paullo
1062 4061 1216 4139 celsiore,

169 4176 329 4264 proxime
355 4177 475 4244 abesse
502 4199 522 4243 a
549 4176 649 4244 nobis
673 4175 842 4245 Divinum
870 4176 1011 4268 aliquid,
1040 4178 1217 4269 signisque

260 4317 270 4354 f
288 4319 315 4370 S.
331 4320 404 4372 Hier.
419 4321 454 4372 cd
465 4322 615 4375 Damasum.
631 4323 682 4391 Ep.
697 4339 738 4376 21.
756 4339 796 4392 13.
810 4332 829 4375 t.
842 4324 860 4375 i.
875 4322 916 4393 76.
932 4323 1025 4376 Venet.
1043 4324 1120 4394 1766.
