2768 4876
168 312 231 373 442
399 308 449 371 De
463 306 580 392 ιίνρίιοὶ
595 327 801 371 ανιιιιιιιαιυνιιι
815 308 941 372 rationo.
1014 331 1107 372 rann.
1120 332 1211 373 xxm.

166 479 312 562 Νέμεσιν
329 478 505 569 quandam
522 477 564 546 iis
582 475 792 555 hominibus,
811 478 871 566 qui
889 478 1021 567 spirant
1044 479 1211 550 audacius

165 596 318 687 aliquid;
347 595 431 676 rive,
449 601 490 662 ut
509 591 752 674 Prometheus,
770 593 906 662 ratione
924 593 1035 663 atria
1057 594 1212 665 subsidia

141 711 342 781 communi
375 711 505 801 inopiae
533 715 714 800 quaerunt3
743 709 826 788 sive,
854 717 896 778 ut
926 708 978 790 10,
1008 731 1115 779 aurea
1145 710 1210 780 sibi

165 826 305 921 fingunt
331 826 524 907 insomnia3
560 824 620 915 qui
650 845 727 892 mos
757 832 811 894 est
839 823 1025 915 plerisque,
1056 826 1211 896 ineuntis

165 943 283 1012 aetatis
298 942 494 1012 inscientia.

215 1057 275 1128 Ita
290 1057 422 1150 duplex
441 1056 700 1149 quodammodo
724 1056 836 1147 aperit
861 1078 899 1125 se
924 1077 1068 1147 campus
1085 1079 1211 1126 aerum·

165 1196 299 1257 narum,
326 1173 454 1265 quibus
485 1173 640 1243 maxime
665 1171 838 1265 Tragedia
864 1172 1076 1242 continetur.
1134 1173 1213 1244 Prae

166 1290 300 1358 caeteris
319 1288 450 1379 premit
466 1287 695 1356 inclementia
711 1286 882 1369 Deorum,
899 1286 983 1356 hinc
1000 1287 1209 1380 ingeniosos,

165 1403 263 1473 illinc
296 1424 358 1495 spe
392 1410 429 1471 ct
460 1409 565 1472 atate
594 1402 770 1485 fervid0s3
803 1402 887 1472 hino
917 1401 1009 1471 virili
1042 1403 1212 1495 praeditos

25 1529 29 1536 ’
60 1569 64 1574 .
164 1516 294 1600 indole,
315 1516 414 1592 illinc
437 1517 623 1598 foeminea3
657 1516 740 1585 hinc
767 1516 954 1587 ambitiosa
983 1519 1212 1598 somniantes,

165 1631 263 1702 illinc
284 1632 414 1724 quieta.
466 1629 524 1700 Ac
550 1632 594 1700 de
620 1629 835 1700 Prometheo
861 1630 1005 1721 quidem
1035 1631 1213 1713 diximus;

165 1770 271 1839 quem
292 1747 472 1839 specimen
487 1746 561 1815 fore
578 1744 692 1815 voluit
710 1743 823 1815 Poeta
845 1744 993 1814 miseriae
1016 1743 1111 1814 illius
1136 1744 1215 1836 phi-

165 1862 352 1956 losophicae
377 1869 415 1932 et
440 1860 563 1932 civilis.
616 1859 725 1930 Nunc
748 1859 857 1929 delo
883 1860 1144 1952 disputandum,
1171 1884 1213 1931 aa

165 1987 296 2063 mente,
317 1985 360 2047 ut
384 1977 539 2069 primum
562 1984 723 2046 constare
750 1976 911 2045 videatur
936 1998 980 2045 ea
998 1997 1105 2066 quam
1128 1975 1215 2046 dici-

165 2116 245 2164 mus
270 2093 361 2163 ratio
386 2089 480 2160 illius
505 2113 681 2183 porsonae3
707 2091 836 2160 deinde
859 2113 904 2160 ne
926 2090 1037 2161 lateat
1053 2113 1117 2162 nos
1134 2091 1215 2161 AEs-

166 2208 260 2302 chyli
283 2207 556 2301 prudentissima
581 2207 706 2300 pietas,
724 2206 845 2276 sedulo
871 2206 1066 2299 mitigantis
1083 2206 1121 2276 in
1138 2209 1215 2298 ejus

167 2346 307 2415 quoque
335 2344 450 2403 causa,
476 2329 646 2413 tanquam
676 2321 771 2412 prius
799 2322 838 2390 in
863 2319 1089 2403 Prometheo,
1115 2322 1215 2413 siqua

167 2438 213 2507 de
236 2460 375 2508 summo
396 2436 421 2506 J
424 2458 489 2506 ove
510 2435 654 2527 querela
679 2437 855 2506 sonaverit
880 2436 972 2506 forte
997 2437 1152 2528 asperior
1177 2446 1215 2506 et

167 2552 381 2622 invidiosior.

217 2663 342 2757 Atque
366 2665 524 2736 indolem
551 2664 696 2756 quidem
727 2665 930 2734 errabundae
954 2665 1097 2758 virginis
1123 2687 1215 2734 unus

169 2781 327 2849 omnium
368 2781 526 2850 maxime
560 2779 753 2850 declarabit
790 2780 898 2872 ipsius
934 2803 1061 2863 sermo,
1096 2803 1214 2850 coram

170 2894 347 2988 Nymphis
363 2893 537 2965 narrantis
553 2893 696 2964 initium
713 2894 829 2965 exsilii
848 2895 902 2966 sui
912 2904 936 2964 ⁰.

378 3024 418 3078 ἀεὶ
430 3025 480 3095 γὰρ
493 3023 571 3095 ὄψεις
582 3023 684 3093 ἔννυχοι
695 3021 852 3092 πολούμεναι

379 3109 416 3164 εἷς
426 3108 589 3180 παρθενῶνας
599 3108 659 3164 τοὺς
671 3106 755 3176 ε’μοὺς,
767 3110 931 3178 παρηγόρουν

378 3194 475 3248 λείοισι
486 3191 585 3262 μύθοις·
605 3192 625 3246 ὦ
636 3192 693 3264 μέγ’
707 3191 832 3262 εὐδαίμων
844 3196 915 3264 κόρη,

380 3281 406 3334 τί
417 3278 565 3350 παρθενεύει
578 3280 665 3349 δαρὸν,
678 3279 738 3346 ἐξόν
750 3301 794 3334 σοι
805 3280 890 3350 γάμου

379 3369 467 3437 τυχεῖν
477 3366 620 3437 μεγίστους
639 3366 701 3421 Ζεὺς
711 3365 761 3436 γὰρ
774 3365 862 3436 ίμέρου
873 3365 947 3431 βέλει

379 3453 445 3524 πρὸς
457 3455 507 3508 σοῦ
520 3451 671 3515 τέθαλπται,
683 3452 725 3504 καὶ
737 3451 903 3523 ξυναίρεσθαι
915 3450 1015 3520 Κύπριν

380 3538 460 3593 θελει·
479 3537 514 3594 σύ
527 3536 559 3602 δ’,
572 3537 592 3591 ὦ
603 3541 658 3600 παῖ,
670 3537 705 3607 μὴ
716 3535 884 3606 ’παλακτίοῃς
895 3538 975 3608 λε’χος

380 3624 410 3677 τὸ
423 3624 510 3693 Ζηνὸς,
523 3622 583 3677 ἀλλ’
595 3622 687 3693 ἔξελθε
698 3624 765 3694 πρὸς
776 3623 871 3695 Λέρνης
882 3623 965 3679 Βαθὺν

379 3712 501 3780 λειμῶνα,
512 3711 621 3781 ποίμνας
631 3710 790 3774 βουστάσεις
801 3732 830 3764 τε
841 3712 907 3782 πρὸς
917 3711 1025 3780 πατρὸς,

381 3798 416 3852 ὧς
428 3795 458 3852 ἂν
469 3799 500 3851 τὸ
513 3799 576 3851 Δῖον
587 3795 657 3864 ὅμμα
668 3794 782 3866 λωφήσῃ
795 3794 886 3850 πόθου.

380 3883 496 3937 ποιοῖσθε
507 3883 596 3939 πάσας
607 3882 736 3952 εὐφρόνας
747 3881 862 3951 ὀνείρασι

383 3970 535 4039 ξυνειχόμην
548 3965 682 4034 δύστηνος.

599 4201 612 4230 ⁰
625 4194 713 4247 Prom.
726 4191 788 4258 646.
