2768 4876
198 1413 564 1496 PRAELECTIO
598 1412 882 1497 VICESIMA
917 1412 1160 1504 QUINTA.

166 1949 302 2013 Ρνοὸαίιιν,
316 1966 434 2019 cnanpam
444 1950 512 2003 antia
523 1951 636 2019 amplam
643 1950 786 2020 prabairse
795 1950 914 2005 Pindaro
923 1950 1014 2005 Ladas
1023 1952 1213 2021 Gymnasticas.

198 2037 372 2106 apponantur
384 2036 503 2105 plurima
520 2038 643 2106 aaempla,
656 2037 693 2090 ad
708 2037 819 2091 indolem
837 2039 892 2106 ejas
903 2039 1081 2108 pertinentia:
1101 2056 1131 2092 en
1141 2057 1214 2108 prn-

198 2123 295 2185 sertim,
309 2140 366 2192 qna
379 2129 425 2175 ant
437 2124 548 2193 prumia
562 2123 671 2177 victoris
683 2124 839 2188 decumbat,
852 2131 898 2178 cat
914 2125 950 2178 ad
963 2125 1075 2179 indolem
1086 2125 1214 2196 quandam

197 2209 386 2279 pannasticam
397 2214 458 2260 sant
469 2210 619 2279 composita.

230 2396 250 2467 I
273 2397 353 2488 quis
374 2397 466 2466 forte
487 2406 654 2480 vestrum,
675 2397 894 2481 Academici,
918 2400 1081 2470 concludi
1108 2410 1212 2493 putet

258 2535 281 2581 a
310 2510 412 2580 nobis
439 2510 631 2580 Pindarum
657 2511 715 2581 vel
744 2511 897 2580 termino
927 2512 1032 2582 nimis
1062 2521 1213 2606 angusto

164 2625 345 2696 ueletiam
367 2625 489 2717 inepta
512 2649 555 2696 ac
580 2626 706 2718 puerili
733 2628 901 2709 materie;
928 2628 1094 2718 quoniam
1118 2629 1215 2697 vide·
1307 2645 1310 2650 ·

163 2739 245 2812 licet
270 2739 491 2810 referendam
517 2743 738 2818 decrevimus
762 2740 983 2812 Pindaricum
1009 2743 1139 2814 Poesiu
1165 2744 1210 2813 ad

166 2879 239 2927 rem
256 2856 515 2948 gymnasticam
526 2865 695 2949 tanquam
713 2859 758 2927 ad
776 2858 955 2949 proprium
970 2858 1045 2950 ejus
1058 2859 1214 2941 fantem

167 2971 300 3065 cogitet
329 2969 360 3040 is
384 2970 504 3053 velim,
535 2972 658 3062 primo,
680 2972 724 3041 id
750 2973 846 3063 quod
880 2971 1043 3042 omnibus
1076 2973 1143 3043 erit
1177 2975 1215 3042 in

167 3093 357 3177 promptu;
391 3085 601 3176 pertinuisse
631 3110 737 3178 quam
771 3087 934 3179 proxime
963 3086 1008 3157 ad
1038 3109 1213 3158 summam

167 3200 215 3269 rei
238 3197 448 3282 Hellenicae,
473 3208 579 3292 prout
605 3208 706 3270 erant
731 3208 818 3270 tunc
844 3199 1017 3280 civitates,
1042 3201 1215 3293 gymnasii

167 3321 259 3383 artes
277 3323 315 3383 et
331 3314 547 3384 athletarum
568 3316 695 3385 studia.
748 3315 850 3385 Bella
875 3316 1047 3408 gerebant
1065 3338 1107 3385 eo
1125 3326 1217 3386 tem-

168 3450 251 3519 pore
277 3437 468 3534 perpetuaj
492 3431 711 3522 paucissimis
736 3431 928 3500 utebantur
953 3430 1136 3513 militibus,
1158 3454 1216 3500 ea-

167 3567 235 3635 que
265 3551 453 3626 armatura,
479 3547 580 3638 cujus
609 3546 752 3616 fortuna
782 3547 961 3638 praecipue
992 3547 1164 3638 penderet
1194 3570 1216 3617 a

168 3659 299 3730 viribus
328 3668 437 3752 atque
463 3661 508 3730 ab
533 3661 694 3754 agilitate
719 3662 939 3755 singulorum
963 3661 1138 3731 virorum:
1169 3683 1215 3730 ex

169 3798 237 3866 quo
259 3774 428 3846 effectum
454 3784 518 3859 est,
536 3786 719 3847 momenta
743 3775 942 3869 praeliorum
960 3777 1050 3846 verti
1072 3783 1115 3846 ut
1136 3776 1216 3868 plu-

169 3890 296 3961 rimum
312 3891 351 3960 in
367 3914 440 3963 uno
454 3900 564 3984 atque
580 3892 693 3963 altero
709 3897 775 3963 τῶν
791 3888 985 3988 προμάχων.

216 4005 311 4076 Oum
336 4007 413 4076 istis
437 4016 607 4099 praeterea
633 4008 726 4077 ludis
753 4007 946 4078 arctissime
973 4005 1139 4100 conjungi
1165 4009 1221 4077 ab

171 4118 319 4189 debatur
353 4123 550 4193 communis
580 4123 754 4193 universae
784 4120 936 4192 Graeciae
970 4120 1073 4202 salus,
1103 4123 1217 4214 gravi-

171 4239 224 4302 ter
246 4234 489 4325 periclitantis‚
509 4238 605 4307 omni
631 4244 736 4306 aetate
764 4235 916 4316 Pindari,
934 4244 1078 4327 propter
1100 4237 1216 4306 immi-
