2768 4876
181 293 246 360 386
269 294 512 380 coquinam
527 315 593 360 mum
604 297 824 379 Apamemuono
838 299 1032 382 comparatio.
1056 320 1149 363 rann.
1163 321 1229 363 xxr.

183 467 339 536 maxime
364 468 457 537 inter
487 489 524 536 se
552 468 720 560 distingui
748 469 920 552 videntur,
946 471 1039 561 quod
1069 470 1106 538 in
1132 468 1230 562 Aga·

186 604 376 652 memnone
394 591 516 674 regnat
535 582 666 674 ubique
683 582 836 654 tremula
851 592 889 654 et
906 585 1054 655 obscura
1069 585 1230 666 formido,

184 705 222 767 et
232 698 350 767 nescio
365 697 464 787 cnjus
479 695 562 765 mali
576 697 794 768 imminentis
807 721 961 792 praesaga
972 721 1088 781 mens;
1106 708 1231 769 contra

180 813 275 903 apud
297 811 523 903 Chodphoras
546 813 659 880 securi
677 835 717 881 ac
741 812 885 882 stabiles
910 813 1129 894 semanimi,
1152 822 1231 883 tau-

183 950 288 1018 quam
312 950 446 1008 eorum‚
468 926 528 1016 qui
553 935 688 995 metam
711 927 822 1018 ipsam
839 928 1042 1018 justissimae
1065 929 1230 998 vindiotae

181 1044 288 1112 modo
306 1044 376 1112 sint
394 1042 545 1124 tacturi3
570 1065 641 1110 non
658 1041 762 1112 aliam
781 1043 827 1112 ob
845 1065 998 1127 causam,
1011 1066 1116 1136 quam
1134 1045 1229 1135 quod

179 1155 238 1224 hic
267 1159 423 1248 apertius
457 1155 572 1224 multo
600 1178 707 1246 quam
737 1154 809 1225 illio
837 1157 992 1226 insinuat
1021 1180 1063 1227 ac
1093 1156 1229 1227 revelat

181 1293 257 1340 sese
272 1270 440 1340 Numinis
458 1269 628 1362 potentia.
668 1269 763 1352 Quid
780 1269 918 1340 multa?
955 1269 1227 1364 Agamemnoni,

178 1385 276 1474 quasi
295 1384 451 1466 titulum,
469 1407 541 1454 non
565 1385 687 1475 inepte
712 1384 864 1454 ascribat
886 1383 1012 1475 aliquis
1032 1383 1227 1455 clausulam

177 1497 274 1569 illam
293 1499 480 1570 Chorioam
498 1521 544 1568 ex
562 1498 638 1589 ipso
657 1499 901 1589 desumptam:

173 2131 224 2201 At
253 2154 335 2201 vero
364 2129 653 2224 Choephorarum
687 2151 837 2214 summa,
865 2131 994 2223 ecquid
1023 2131 1120 2202 aliud
1152 2134 1220 2203 erit

172 2268 280 2337 quam
297 2246 433 2317 nobiles
451 2248 521 2315 duo
539 2245 701 2315 versiculi
712 2255 738 2328 ⁸,

383 2416 413 2468 τὸ
424 2413 554 2483 μορσίμου
564 2413 635 2483 μένει
646 2412 737 2479 πάλαι,

381 2498 528 2569 εὐχομένοις
539 2497 562 2552 δ’
574 2496 605 2553 ἂν
616 2499 708 2563 ἔλθοις

168 2644 273 2715 Adeo
295 2645 498 2714 dominatur
518 2644 681 2713 universa
702 2642 765 2713 illa
789 2641 910 2714 fabula
930 2642 1017 2727 ἦθος,
1040 2646 1134 2736 quod
1156 2668 1219 2716 vo·

170 2768 263 2841 cant,
276 2758 404 2828 stabile
421 2781 462 2829 ac
479 2780 652 2828 serenum.
698 2756 885 2850 Nusquam
902 2758 952 2828 ibi
970 2759 1154 2830 dubitatur
1172 2762 1218 2831 de

169 2873 399 2945 Providentia
416 2873 585 2956 Deorum,
599 2895 715 2964 neque
732 2874 777 2943 de
793 2896 908 2965 poena,
926 2873 1042 2965 culpae
1060 2876 1214 2958 eomite;

168 2995 309 3060 tautum
343 2989 609 3083 exspectatione
638 2989 766 3059 arrecti
800 2995 968 3059 tenentur
997 2991 1217 3082 animique

168 3104 311 3175 taudem
337 3107 458 3176 ordine
484 3104 682 3197 quibusque
708 3105 875 3196 gradibus
900 3104 1095 3176 certissima
1122 3106 1213 3176 ultio
1307 3118 1310 3126 '

168 3220 393 3289 commissum
411 3220 477 3289 sibi
494 3242 623 3289 munus
640 3228 863 3309 exsequatur.

219 3333 345 3425 Itaque
361 3333 478 3415 hodie,
496 3333 525 3404 si
548 3344 683 3425 potero,
702 3333 828 3402 nobilis
845 3335 948 3404 istius
964 3333 1102 3404 artificii
1120 3355 1217 3404 sum-

165 3471 260 3518 mam
275 3449 478 3540 expediam;
498 3471 606 3539 quam
623 3448 728 3518 rebus
745 3447 857 3517 ferme
870 3455 1022 3538 quatuor
1039 3448 1213 3517 contineri

166 3562 325 3632 arbitror.
362 3561 533 3644 Primum,
545 3563 638 3652 quod
652 3561 765 3631 forma
777 3562 906 3653 ipsaac
919 3561 1027 3632 facies
1039 3562 1215 3633 universae

163 3677 358 3770 Tragoedias
375 3678 601 3768 componitur
616 3677 661 3747 ad
678 3676 876 3746 solennium
894 3699 1071 3746 sacrorum
1088 3676 1215 3769 imagi-

59 3799 62 3805 '
164 3816 258 3863 nem.
293 3793 444 3874 Deinde,
456 3793 550 3883 quod
568 3815 691 3862 omnes
708 3793 827 3861 omnia
842 3792 1002 3861 referunt
1014 3793 1059 3860 ad
1078 3788 1212 3861 oraculi

163 3906 372 3976 sanctissimi
386 3908 544 3991 decreta3
568 3904 733 3997 Delphici
751 3907 917 3975 nimirum
931 3904 1125 3996 Apollinis3
1150 3904 1212 3995 qui

163 4019 262 4089 uullo
291 4043 363 4090 non
393 4029 554 4112 tempore
583 4020 724 4089 videtur
749 4017 913 4090 Orestem
941 4019 1212 4111 praesentissimo

163 4136 309 4205 numine
326 4137 429 4206 tueri.
475 4136 595 4207 Tertio
612 4135 705 4220 loco,
715 4133 844 4206 Manes
862 4132 1142 4228 Agamemnonis
1157 4132 1213 4201 iu·

572 4311 586 4341 ⁸
606 4302 717 4373 coos-,ra
731 4302 792 4368 462.
