2768 4876
178 296 371 401 maan.
416 337 466 401 oo
480 334 1046 420 emmeramensem.
1158 332 1222 400 cas

174 528 283 579 mune
294 519 320 579 ³.
375 508 478 578 Idem
499 518 619 579 tamen
640 507 709 577 alio
726 530 897 589 sermone,
916 507 944 577 si
962 508 1049 577 fides
1069 508 1223 588 Laertio,

169 631 208 693 et
237 622 473 693 Homericum
497 621 747 714 appellaverat,
770 632 807 690 et
831 623 950 714 vigere
975 644 1057 690 eum
1084 623 1224 693 dixerat

167 738 271 806 omni
291 736 482 806 Poetarum
499 736 658 806 artificio.
710 733 815 817 Quod
833 735 862 804 si
880 737 1040 826 capiatur
1054 737 1130 827 ejus
1146 759 1226 828 spe·

164 852 294 922 oimen
307 873 352 920 ex
366 852 408 920 iis
422 851 588 932 versibus,
599 852 665 942 qui,
673 858 838 920 seruntur
850 851 1045 920 identidem
1062 853 1099 920 in
1115 851 1225 922 libros

164 963 371 1048 Plutarchi,
389 964 604 1049 Aristotelis,
623 972 854 1046 caeterorum
880 965 1030 1033 dixerim
1048 968 1224 1056 equidem,

163 1078 259 1149 eum
290 1079 447 1148 numeris
476 1080 624 1150 fortasse
656 1080 824 1149 accedere
853 1080 1042 1170 aliquando
1072 1082 1117 1151 ad
1147 1081 1226 1152 Ho-

163 1194 345 1263 mericam
379 1194 602 1285 majestatem
616 1215 626 1277 ;
661 1191 755 1285 quod
790 1193 834 1263 ad
869 1194 1056 1262 verborum
1090 1194 1226 1265 lumine

163 1309 307 1378 attinet
324 1331 366 1378 ac
383 1311 648 1390 sententiarum,
667 1309 897 1378 turbidiorem
915 1307 1035 1378 fluere.
1081 1309 1226 1400 Insigne

164 1423 264 1491 illud
300 1422 457 1492 Lucretii
492 1423 735 1492 testimonium
769 1422 910 1502 meruit,
940 1423 1074 1512 opinor,
1104 1421 1230 1491 subtili,

165 1536 290 1629 magis
306 1537 511 1605 inventione
528 1534 742 1605 naturalium
760 1557 889 1620 rerum,
904 1557 1011 1625 quam
1033 1533 1139 1602 laude
1162 1533 1227 1602 ali-

171 1673 256 1742 qua,
276 1673 353 1741 quae
371 1635 562 1719 Poetarum
580 1651 626 1719 sit
643 1649 791 1741 propria.
843 1647 980 1718 Audite
996 1672 1079 1719 vero
1090 1645 1127 1719 b:

284 1793 532 1866 '‘Acragantinus,”
544 1793 590 1858 ait,
603 1793 793 1864 “cumprimis
806 1791 980 1863 Empedocles
993 1802 1042 1857 est,

285 1879 378 1934 Insula
389 1896 470 1952 quem
480 1880 628 1951 Triquetris
640 1889 770 1934 terrarum
782 1879 865 1948 gessit
876 1879 904 1931 in
917 1878 970 1931 oris
980 1898 997 1931 ι.
1008 1918 1014 1931 .
1027 1918 1052 1932 ..

287 1964 356 2023 Quae
368 1983 431 2019 curn
442 1982 541 2035 magna
551 1964 641 2019 modis
651 1964 742 2018 multis
754 1962 876 2017 miranda
887 1963 992 2017 videtur

286 2051 418 2106 Gentibus
429 2051 555 2106 humanis
567 2052 650 2122 regio,
662 2050 823 2121 visendaque
835 2047 928 2113 fertur,

287 2137 378 2192 Rebus
390 2138 479 2208 opima
490 2137 579 2201 bonis,
591 2137 676 2190 multa
687 2137 791 2190 munita
802 2136 890 2190 virum
902 2135 945 2197 vi;

285 2221 333 2276 Nil
344 2231 434 2276 tamen
445 2223 497 2277 hoe
508 2223 636 2276 habuisse
647 2222 705 2275 viro
717 2221 869 2290 praeclarius
882 2220 912 2271 in
923 2237 961 2281 se,

285 2306 313 2360 N
314 2325 343 2360 ec
355 2315 479 2361 sanctum
490 2307 576 2377 magis
588 2314 614 2359 et
626 2307 725 2359 mirum
737 2322 880 2375 carumque
892 2304 1016 2368 videtum

277 2393 413 2457 ‚Carmina
424 2392 569 2463 quinetiam
582 2390 664 2445 divini
676 2391 790 2460 pectoris
803 2391 860 2460 ejus

286 2477 480 2541 vociferantur,
492 2486 518 2531 et
530 2478 670 2546 explorant
680 2477 806 2544 praeclara
817 2483 930 2544 reperta,

287 2561 328 2616 Ut
338 2562 383 2616 vix
394 2561 513 2615 humana
524 2561 646 2615 videatur
656 2562 738 2631 stirpe
751 2561 886 2614 ereatus.”

183 2682 371 2756 'Videtisne
396 2683 575 2765 celebrari,
603 2684 701 2775 quasi
727 2684 787 2775 qui
815 2683 947 2752 fuderit
977 2681 1127 2762 oracula,
1156 2703 1227 2750 uon

181 2796 300 2890 utqui
322 2798 438 2867 lucida
463 2799 627 2889 panxerit
645 2808 665 2837 ‘⁶
677 2799 841 2879 carmina,
861 2798 1002 2866 Musaeo
1019 2797 1230 2888 contingens

182 2915 311 2982 cuncta
327 2912 447 3002 lepore
458 2913 492 2982 l''
513 2934 583 3003 quo
601 2913 777 3002 praeconio
795 2934 898 2981 suum
916 2912 991 3002 ipse
1008 2932 1138 2979 nomen
1155 2933 1228 2978 non

182 3035 325 3097 veretur
338 3049 469 3118 augere
488 3026 684 3096 Lucretius.
737 3027 819 3108 Quo
839 3026 953 3116 magis
978 3024 1146 3094 credibile
1171 3025 1228 3106 sit,

183 3140 347 3231 exemplo
364 3161 406 3208 ac
423 3141 533 3209 ductu
551 3139 779 3231 Empedoclis
802 3140 987 3209 accessisse
1004 3160 1086 3207 eum
1104 3141 1148 3208 ad
1165 3138 1229 3207 has

184 3253 338 3324 Poeticae
366 3262 494 3342 partes,
521 3275 587 3321 nec
615 3275 735 3343 pauca,
761 3275 824 3344 pro
855 3261 1011 3333 renata,
1040 3252 1230 3341 sumpsisse

182 3369 227 3438 ab
243 3369 479 3437 instrumento
497 3375 535 3436 et
552 3366 762 3457 supellectili
780 3367 865 3457 ejus,
883 3366 934 3434 ite
950 3373 1081 3448 tamen,
1095 3376 1137 3434 ut
1154 3368 1229 3457 ipse

183 3483 301 3550 omnia
323 3481 442 3572 vigore
466 3483 617 3571 quodam
644 3504 707 3550 suo
733 3489 956 3572 temperaret,
983 3504 1046 3571 per
1070 3503 1109 3550 se
1133 3481 1230 3572 frigi·

182 3595 280 3665 diora
297 3616 403 3687 quam
420 3595 523 3664 facile
540 3595 630 3663 ferat
648 3595 779 3662 Poesis.

155 3715 158 3718 ’
232 3710 304 3780 Sed
323 3709 577 3800 Empedoclem
595 3711 799 3789 mittamus;
829 3705 961 3795 utqui,
980 3704 1078 3773 velut
1105 3727 1231 3774 manca

182 3827 351 3916 quaedam·
364 3833 524 3892 veterum
545 3822 693 3913 alicujus
716 3821 860 3913 effigies,
879 3820 938 3886 vix
957 3827 994 3886 et
1013 3841 1058 3887 ne
1075 3819 1135 3885 vix
1153 3820 1229 3908 qui-

183 3942 264 4009 dem
285 3961 357 4007 uno
379 3960 416 4007 se
437 3938 597 4006 membro
622 3937 723 4006 nobis
749 3934 1011 4027 agnoscendum
1036 3930 1228 4021 reliquerit.

182 4053 377 4147 Pergamus
393 4053 438 4122 ad
455 4051 703 4122 Theocritum:
733 4052 793 4141 qui
815 4069 959 4138 campus
985 4053 1023 4114 et
1049 4045 1229 4128 amoenior,

287 4310 303 4339 ⁸
314 4303 388 4356 Poet.
401 4318 428 4370 3.
904 4296 915 4330 ¹³
928 4298 1008 4351 Luer.
1025 4313 1047 4350 1.
1062 4310 1123 4366 717.
