2768 4876
171 311 238 378 606
355 312 543 399 Εακιρὶααια
558 320 619 380 τοῖς
633 314 799 392 doruvernis
813 312 975 377 dodam:
1022 334 1116 375 rama.
1131 334 1218 375 xxxx.

169 510 255 557 men
265 498 300 557 ¹¹¹.
356 486 438 558 Jam
473 495 602 556 norunt
636 510 769 568 omnes,
798 487 1022 580 gymnasium
1056 484 1219 555 extitisse

170 605 348 696 quendam
366 604 465 694 quasi
482 603 606 672 ludum
624 604 804 695 parcitatis
821 611 859 673 et
876 600 1104 672 castimoniae.

349 730 437 784 Multa
448 729 509 784 tulit
520 730 634 802 fecitque
645 748 719 800 puer,
733 729 838 786 sudarit
849 737 876 784 et
885 729 956 792 alsit,

347 816 486 871 Abstinuit
498 817 602 871 Venere
613 825 640 871 et
651 816 723 872 vino

172 921 257 991 Fuit
282 946 385 1015 porro
411 924 517 1004 idem,
536 923 630 1015 quod
653 946 758 992 nemo
785 922 977 1015 negaverit,
1000 918 1219 1012 elegantissi-

169 1061 251 1109 mus
268 1039 434 1108 humanae
453 1039 545 1120 vitae,
564 1039 768 1109 domestioae
789 1038 985 1130 praesertim
1006 1059 1049 1106 ac
1070 1033 1219 1105 familie

170 1155 227 1235 ris,
240 1162 427 1246 spectator.
470 1153 565 1237 Jam,
577 1156 640 1246 qui
653 1154 719 1224 hae
737 1153 920 1246 diligentia
936 1151 1120 1223 cumulare
1132 1148 1218 1218 velit

169 1269 267 1339 illam
282 1268 550 1361 philosophiam,
561 1270 689 1338 mirum
706 1271 743 1338 ni
760 1269 790 1338 is
807 1267 950 1361 rigidior
966 1266 1087 1358 paullo
1103 1264 1216 1334 horni-

169 1406 256 1454 num
275 1385 426 1475 vitaeque
442 1407 568 1455 oensor
583 1384 720 1455 evadat.
774 1383 879 1454 Hanc
900 1385 1141 1462 severitatem,
1157 1379 1216 1470 qui

168 1505 254 1568 sunt
270 1499 428 1568 sontiore
446 1499 592 1590 judicio,
610 1499 773 1591 mitigare
790 1497 905 1567 solent
926 1497 1038 1566 ironia
1054 1495 1217 1588 quadam,

167 1614 270 1704 cujus
298 1614 495 1683 innumerae
522 1621 605 1683 sunt
635 1615 765 1693 formas,
783 1614 983 1703 mirumque
1007 1613 1045 1680 in
1070 1610 1217 1679 modum

169 1729 263 1798 inter
288 1749 327 1798 se
353 1728 560 1799 dissimiles:
591 1751 738 1820 quarum
769 1730 806 1797 in
833 1749 981 1796 numero
1006 1727 1093 1817 quid
1119 1730 1217 1794 vetat

168 1843 291 1914 haberi
308 1842 422 1935 siquid
440 1844 647 1917 insolentius
667 1845 704 1913 in
728 1844 888 1915 foeminas
905 1843 1098 1936 jactaverit
1117 1839 1217 1912 Euri·

168 1957 295 2050 pides?

223 2071 297 2143 Sed
320 2081 452 2164 quaerat
477 2073 612 2164 aliquis,
638 2095 787 2164 ecquam
817 2071 962 2142 tandem
989 2071 1217 2163 significatio-

167 2211 251 2258 nem
271 2188 346 2280 ipse
364 2188 512 2271 dederit,
530 2187 710 2259 volentem
727 2211 765 2257 se
786 2187 861 2256 fore
883 2185 1050 2256 asseclam
1068 2186 1217 2257 durioris

167 2302 371 2395 discipline,
393 2303 554 2394 vitaeque,
578 2325 687 2394 quam
712 2323 835 2372 reeens
862 2302 1002 2372 voravit
1030 2309 1125 2382 aetas,
1149 2300 1218 2370 As-

166 2417 315 2488 oetioae?
359 2416 480 2498 Dedit,
499 2426 536 2486 et
553 2418 767 2487 uberrimam
785 2418 948 2508 quiderm
975 2418 1005 2486 si
1029 2417 1137 2486 modo
1154 2439 1216 2486 uos

165 2555 190 2603 a
209 2533 244 2602 vi
267 2541 377 2624 atque
402 2531 521 2602 indole
543 2533 618 2622 ejus
640 2532 827 2626 Hippolyti
853 2556 925 2602 non
949 2527 1053 2623 plane
1077 2533 1217 2603 aberra·

166 2669 257 2717 mus.
310 2646 419 2717 Hune
445 2650 578 2718 eximio
605 2650 757 2740 quodam
787 2671 917 2727 amore,
943 2649 980 2717 ni
1003 2646 1117 2729 fallor,
1139 2670 1217 2739 pro·

165 2764 327 2854 sequitur
346 2763 551 2854 Euripides:
577 2763 695 2855 placet
709 2765 778 2834 sibi
796 2764 832 2832 in
849 2764 925 2854 ejus
942 2785 1099 2855 persona,
1119 2763 1216 2832 velut

168 2877 206 2945 iu
231 2875 375 2946 Achille
403 2878 591 2960 Homerus,
622 2887 685 2948 aut
718 2881 755 2947 in
786 2878 929 2948 Venere
963 2899 1028 2946 sua
1056 2875 1214 2969 Apelles

169 2989 266 3060 Nam
292 3000 333 3061 ut
359 2993 522 3084 pictores,
544 2995 595 3063 ita
621 2993 741 3063 Poetae
765 2993 820 3062 vel
843 2993 942 3062 inscii
968 2991 1107 3062 facilius
1130 3015 1215 3084 quo-

166 3106 357 3177 dammodo
372 3107 459 3198 quid
477 3107 589 3176 velint
616 3108 820 3199 expediunt,
842 3131 923 3177 oum
947 3130 1006 3176 eas
1030 3107 1214 3199 attigerint

167 3231 284 3314 partes
310 3224 426 3314 operis
450 3223 514 3304 sui,
535 3246 624 3314 quas
650 3225 716 3314 ipsi
741 3225 778 3291 in
805 3223 938 3293 deliciis
963 3222 1116 3292 habent:
1144 3223 1213 3292 fru-

166 3346 277 3407 untur
294 3338 388 3408 illico
406 3346 506 3408 tactu
523 3340 635 3430 magis
652 3339 795 3422 subtili3
823 3361 967 3408 manum
986 3336 1135 3420 felicius,
1152 3360 1214 3429 pro

167 3474 206 3520 re
232 3461 326 3534 nata
351 3476 415 3523 seu
444 3453 612 3522 oohibeut
640 3454 716 3523 sive
745 3454 925 3523 adhibent.
975 3452 1213 3523 consideretis

167 3566 275 3636 velim
304 3590 350 3636 an
380 3567 452 3637 tale
480 3567 615 3659 aliquid
642 3568 772 3638 habeat
799 3569 932 3659 primus
959 3566 1148 3659 Hippolyti
1178 3567 1214 3635 iu

162 3703 308 3752 suenum
325 3681 501 3764 introitus,
515 3694 553 3752 et
570 3683 765 3753 castissima
780 3682 842 3752 illa
859 3682 983 3753 Dianae
1000 3682 1125 3776 religio
1138 3693 1164 3752 ¹¹.

341 3802 387 3856 σοὶ
398 3802 474 3856 τόνδε
485 3803 596 3856 πλεκτὸν
607 3801 740 3874 στέφανον
752 3803 782 3872 ἐξ
792 3801 918 3873 ἀκηράτου

340 3890 475 3957 λειμῶνος,
488 3887 508 3941 ὦ
521 3886 653 3952 δέσποινα,
666 3887 801 3958 κοσμήσας
813 3886 896 3958 φέρω,

341 3972 393 4027 ἔνθ’
406 3975 465 4027 οὔτε
476 3973 571 4042 τιοίμην
582 3973 651 4042 ἀξιοῖ
662 3973 772 4044 φέρβειν
783 3974 859 4039 βοτὰ,

338 4057 394 4113 οὐδ’
407 4057 469 4127 ἦλθέ
481 4080 522 4112 πα
532 4059 650 4130 σίδηρος,
662 4059 722 4113 ἀλλ’
731 4058 861 4131 ἀκήρατον

339 4143 458 4213 μέλισσα
468 4144 570 4214 λειμῶν’
583 4143 669 4215 lyparus
681 4145 817 4216 διέρχεται,

338 4229 388 4286 ἕως
399 4230 427 4284 δὲ
439 4232 590 4299 serapiam
603 4231 705 4300 κηπεύει
717 4233 830 4302 δρόσοις.

268 4350 394 4405 mPlura.
411 4365 477 4420 1392
490 4351 539 4405 &a
740 4397 743 4402 .
779 4398 782 4401 .
939 4353 1050 4424 ΙΙΗίρρ.
1064 4367 1107 4424 73.
