2768 4876
164 310 231 377 632
338 309 402 374 Uar
419 309 525 383 Graeci
541 308 700 374 Naturam
713 307 810 373 maim
822 305 978 372 abaco.
1024 325 1209 371 Μυκη

166 491 244 553 tata
269 480 330 550 illa
348 479 504 550 Socratis
520 480 615 550 laus:
641 480 703 570 qui
728 479 871 571 primus,
889 478 918 548 si
935 476 1101 549 Ciceroni
1121 477 1214 558 lidos,

166 596 456 690 “philosophiam
473 596 658 665 devocavit
675 616 697 664 a
713 591 813 676 caelo,
831 601 870 663 et
891 592 929 662 iu
945 592 1094 662 urbibus
1112 590 1215 662 collo-

168 713 272 796 cavit,
290 722 328 781 et
344 712 382 781 in
398 712 522 781 domos
539 712 647 781 etiam
664 709 873 790 introduxit,
890 718 928 778 et
946 709 1066 800 coegit
1083 707 1129 777 de
1147 707 1216 781 vita

167 834 205 895 et
221 826 377 895 moribus
394 825 570 916 rebusque
587 823 688 894 bonis
704 833 743 892 et
759 821 860 893 malis
874 823 1064 914 quaerere.”
1100 819 1216 912 Roget
1239 820 1246 831 '

167 937 303 1031 aliquis,
321 963 385 1011 cur
401 939 533 1011 similes
559 962 614 1009 res
637 939 760 1008 ordine
786 938 874 1008 adeo
892 936 1022 1028 dispari
1041 956 1217 1027 processa·¹

168 1054 250 1123 rint.
301 1055 360 1124 Ac
377 1055 586 1124 crediderim
605 1054 779 1145 equidem,
797 1053 848 1122 ita
870 1052 982 1120 ferme
998 1071 1038 1120 se
1055 1072 1132 1118 rem
1158 1049 1216 1117 ha-

169 1167 297 1238 buisse.
350 1168 644 1260 Philosophomm
661 1175 726 1249 est,
745 1189 866 1236 verum
884 1187 1063 1257 quaerere:
1089 1164 1216 1255 quibus

168 1293 288 1353 autem
307 1284 342 1354 id
360 1284 457 1354 cordi
475 1284 554 1364 fuit,
567 1284 610 1353 iis
627 1281 850 1374 potissimum
867 1279 1044 1351 addicturi
1061 1300 1100 1348 se
1117 1284 1216 1348 erant

168 1398 305 1484 studiis,
323 1422 474 1490 quorum
497 1399 626 1468 veritas
647 1397 827 1467 videretur
851 1418 927 1467 esse
952 1394 1146 1476 obscurior,
1166 1401 1217 1462 at-

167 1535 237 1604 que
255 1537 275 1584 e
292 1512 466 1605 profundo
493 1513 604 1606 magis
621 1512 767 1583 deberet
785 1513 870 1580 erui.
922 1511 1005 1580 Jam
1023 1508 1143 1579 audax
1158 1505 1217 1577 illn

169 1636 206 1697 et
227 1629 410 1722 ingeniosa
433 1637 471 1697 et
491 1628 558 1698 sibi
581 1649 721 1718 semper
745 1624 857 1696 fidens
873 1624 1084 1696 Grae'oorum
1108 1622 1217 1706 natio,

169 1765 252 1813 cnm
273 1744 426 1834 primum
448 1742 559 1813 literis
576 1763 653 1812 sese
669 1748 861 1821 exerceret,
878 1761 942 1831 pro
958 1737 1129 1830 expedito
1147 1737 1219 1829 pla·

168 1880 285 1948 noque
302 1858 467 1927 habitura
484 1865 560 1926 erat
577 1856 745 1948 quicquid
763 1857 808 1925 de
824 1855 980 1924 moribus
997 1853 1069 1923 dici
1089 1860 1217 1944 posset

168 1971 311 2064 Quippe
329 1995 371 2042 ea
386 1972 596 2063 plerumque
618 1992 808 2062 puerorum
825 1978 880 2039 est
896 1966 1053 2038 indoles:
1080 1977 1218 2038 vetares

169 2096 290 2156 autem
308 2086 434 2156 Graios
452 2086 548 2156 omni
567 2086 641 2155 vita
666 2107 793 2176 pueros
815 2084 982 2153 mansisse
999 2082 1089 2153 abiit
1106 2083 1218 2151 ferme

168 2201 206 2270 in
236 2200 483 2292 proverbium:
517 2200 570 2268 καὶ
601 2199 705 2294 γέρων
725 2196 860 2279 Ἕλλην
889 2195 997 2272 cirlano.
1050 2195 1106 2266 At
1135 2219 1217 2266 vero

170 2314 324 2406 physicae
350 2314 418 2383 illae
443 2314 618 2396 rationas3
645 2313 813 2382 “numeri
837 2320 1037 2402 motusque,
1059 2320 1098 2381 et
1123 2310 1218 2380 unde

171 2428 289 2498 omnia
306 2429 490 2510 orirentur,
509 2450 624 2518 quove
641 2427 864 2496 reciderent.
886 2474 893 2495 .
914 2479 921 2495 .
939 2426 1096 2496 siderum
1117 2421 1219 2516 'mag-

169 2544 359 2625 nitudines,
393 2542 587 2624 intervalla,
614 2542 765 2622 cursus,”
787 2543 894 2610 verbo
924 2541 1051 2622 dicam,
1080 2549 1101 2578 “
1114 2562 1219 2610 cunc·

170 2667 208 2728 ta
233 2657 533 2727 oaelestia’'-haec
559 2657 677 2725 omnia
701 2657 878 2725 intentata
907 2655 1022 2724 adhuc
1047 2664 1086 2723 et
1112 2655 1219 2724 dubia

171 2778 294 2853 erant3
328 2771 386 2839 hic
421 2770 519 2839 locus
553 2770 712 2861 ingeniis,
741 2769 809 2838 hio·
833 2792 960 2838 arcana
992 2768 1216 2837 excutienda

172 2886 290 2967 Quare
321 2885 390 2954 huc
420 2882 656 2976 appellebant,
677 2884 737 2974 qui
762 2881 968 2974 Philosophi
993 2882 1128 2952 vellent
1158 2881 1218 2951 ha·

171 2999 266 3081 beri3
293 2997 415 3103 Poetis
441 3000 663 3068 tractandum
687 2980 905 3087 reliquerunt
931 2997 1047 3066 locum
1074 3018 1217 3065 omnem

171 3115 215 3183 de
233 3114 337 3182 rebus
354 3113 526 3192 humanis,
544 3113 588 3182 de
605 3113 689 3193 fato,
703 3112 854 3192 fortuna,
869 3111 1035 3180 moribus.
1088 3109 1218 3181 Postea

171 3250 254 3297 vero
281 3249 386 3318 quam
417 3226 522 3319 longo
549 3227 743 3295 didicerant
769 3248 845 3306 usu,
867 3232 1009 3314 quantae
1037 3233 1157 3293 essent
1182 3226 1218 3292 iu

171 3339 355 3408 hominum
386 3341 545 3421 fortunis,
571 3347 678 3430 atque
707 3341 795 3408 adeo
824 3340 862 3407 in
891 3340 974 3430 ipsis
1002 3338 1217 3418 hominibus,

171 3456 343 3536 tenebraa;
371 3477 477 3546 quam
500 3455 648 3523 arduum
671 3452 759 3521 illud
777 3477 818 3523 ac
836 3452 987 3534 difficile,
1005 3456 1107 3542 γνῶθι
1126 3452 1220 3520 σέαυ-

171 3596 230 3634 τον
241 3576 379 3636 t-—tum
398 3569 542 3636 demum
561 3576 598 3637 et
615 3568 652 3636 in
669 3568 832 3636 humanis
850 3565 1085 3659 philosophari
1104 3588 1219 3657 coepe-

172 3691 265 3763 runt,
283 3690 320 3751 et
345 3684 390 3752 ad
415 3705 474 3751 rus
500 3691 606 3773 atque
632 3683 676 3751 ad
702 3689 865 3750 naturam
888 3679 1017 3749 Poesin
1042 3700 1218 3749 revocare.

173 3796 253 3877 Quo
275 3797 369 3865 enim
395 3797 437 3864 iis
462 3797 574 3865 indies
597 3795 776 3865 obscurior
796 3796 983 3864 videbatur
1001 3802 1039 3862 et
1060 3794 1220 3885 implica·

172 3909 242 3978 tior
258 3932 399 3979 suarum
417 3932 533 3979 rernm
552 3912 679 3990 exitus,
698 3932 740 3978 eo
758 3910 942 3990 teneriore,
959 3918 1001 3978 ut
1018 3909 1070 3991 fit,
1089 3908 1218 3988 animo,

116 4067 119 4077 -
173 4023 467 4092 circumferebant
485 4023 604 4092 oculos
626 4024 663 4092 in
684 4023 776 4092 hanc
794 4045 937 4092 omnem
954 4022 1029 4092 caeli
1047 4030 1218 4113 terraeque

173 4138 392 4218 varietatem,
412 4136 509 4207 velut
527 4139 598 4229 qui,
621 4147 751 4230 negata
775 4139 932 4220 scientia,
950 4161 996 4208 ex
1014 4138 1121 4207 obvia
1135 4158 1217 4227 qua-

174 4272 242 4339 que
260 4273 298 4319 re
316 4252 501 4342 augurium
519 4260 698 4342 caperent.
