2768 4876
126 333 222 378 nunu
235 335 325 376 xxrv.
364 312 544 378 Pindarum
558 312 726 380 munina
739 322 893 400 οαροήιιπς
906 317 1027 383 uouisse.
1116 321 1177 383 481

127 486 287 558 viueeuti
313 484 524 580 gratulatus,
546 495 652 558 acute
679 488 797 583 tangit
818 491 975 583 proprias
1001 489 1180 562 Peuemtii

125 597 270 674 laudes:
298 600 423 694 primo,
445 600 541 694 quod
566 609 624 672 tot
648 602 827 674 devicerat
852 605 913 674 ille
938 602 1100 688 athletas,
1125 605 1181 675 iu·

125 726 300 812 gruentes
312 716 427 788 ulium
438 736 546 810 super
560 716 651 790 elio:
678 719 774 810 quod
795 741 908 812 genus
924 718 1058 817 ἕφεδροι
1076 743 1179 792 νοσα-

125 831 302 905 bantur⁰t

340 950 391 1001 τῶν
402 945 545 1015 ἀπειράτων
556 944 608 1017 γὰρ
620 945 750 1017 ἄγνωστοι
763 945 867 1002 σιωπαί·

340 1032 413 1087 ἔστιν
424 1029 447 1086 δ
459 1031 569 1103 ἀφάνεια
580 1028 661 1103 τύχας
673 1032 714 1086 καί
725 1031 898 1103 μαρναμένων,

339 1119 401 1188 πρὶν
412 1117 488 1174 τέλος
499 1117 578 1188 ἄκρον
590 1117 700 1172 ἱκέσθαι·

340 1207 392 1258 τῶν
402 1224 431 1257 τε
441 1204 493 1275 γὰρ
505 1204 547 1258 καί
559 1209 610 1259 τῶν
622 1203 697 1257 διδοῖ·

340 1290 382 1343 καλ
394 1286 515 1360 κρέσσον’
528 1289 628 1360 ἀνδρῶν
638 1292 763 1360 χειρόνων

339 1373 443 1448 ἔσφαλε
454 1376 533 1448 τέχνα
545 1371 749 1448 καταμόρψαισ’.

124 1486 243 1560 Addit
261 1490 391 1563 deiude
407 1491 496 1564 illud
513 1502 594 1585 post
616 1492 735 1586 paulo,
754 1491 963 1584 exquisitius
980 1488 1114 1562 dictum
1133 1489 1178 1562 de

125 1607 253 1677 eodem
272 1608 485 1679 certamine:
771 1620 786 1649 ·

340 1743 425 1814 τολμᾷ
436 1742 487 1815 γὰρ
499 1743 572 1800 εἰκὸς

340 1829 422 1899 θνμον
432 1830 599 1902 ἐριβρεμετᾶν
611 1831 677 1901 θηρᾷ
688 1830 800 1885 λεόντων

341 1916 369 1971 ἐν
380 1919 458 1990 πόνῳ·
477 1919 552 1987 μῆτιν
564 1914 587 1971 8
599 1917 716 1986 ἀλώπηξ,
725 1916 811 1971 αιέτοῦ
823 1914 839 1969 ἀ
851 1915 872 1970 τ’
885 1916 1069 1985 ἀναπιτναμένα
1080 1911 1180 1986 ῥόμβον

373 2001 454 2073 ίσχει.

337 2090 390 2160 χρῆ
402 2088 430 2143 δὲ
442 2091 493 2144 πᾶν
504 2089 614 2160 ἔρδοντα
624 2093 759 2160 μαυρῶσαι
771 2090 817 2143 τὸν
828 2087 931 2159 ίχθρόν·

338 2175 369 2229 οὗ
380 2175 431 2246 γδρ
444 2173 529 2246 φύσιν
539 2170 704 2246 Ὠαριωνείαν
715 2176 820 2246 ἔλαχεν,

340 2261 400 2316 ἀλλ’
413 2263 503 2319 όνοτδς
513 2263 561 2334 μὲν
573 2262 683 2326 ίδέσθαι,

339 2352 485 2419 συμπεσεῖν
496 2347 519 2403 8
532 2348 599 2420 ἀκμᾷ
610 2347 701 2420 βαρύς.

127 2466 283 2554 Videtis,
297 2479 402 2543 acute
419 2495 574 2564 vereque
593 2472 693 2566 tangi
710 2482 829 2542 motus
845 2471 1021 2564 palaestrae
1039 2481 1076 2541 et
1093 2469 1181 2540 flex-

125 2583 226 2658 iones
242 2595 395 2671 artuum,
412 2607 614 2681 puerorum,
628 2596 670 2657 ut
689 2587 741 2670 fit,
759 2586 958 2657 ludentium
977 2585 1180 2668 similiorem

126 2703 179 2772 ite
196 2710 319 2773 tamen
341 2713 383 2773 ut
408 2726 535 2796 perum
553 2704 598 2773 de
616 2702 715 2796 lyrici
733 2703 897 2772 carminis
915 2702 1103 2773 severitate
1120 2703 1181 2771 de-

126 2820 319 2889 minuatur.
370 2816 550 2890 Sexcenta
566 2819 636 2889 alia
657 2819 814 2911 proferre
830 2819 970 2910 possim,
988 2836 1066 2908 quae
1084 2816 1179 2886 eliud

125 2937 265 3029 agendo
288 2935 496 3028 scriptorem
517 2935 698 3005 declarent
724 2934 888 3004 ludorum
916 2934 1075 3003 omnium
1092 2955 1180 3024 quos

125 3047 329 3120 celebrabat
370 3071 486 3142 neque
528 3049 771 3142 negligentem
810 3069 926 3140 neque
963 3048 1178 3139 imperitum.

123 3165 239 3238 Velut
255 3166 317 3236 ubi
334 3166 456 3236 laudat
474 3165 669 3235 Hieronem
688 3187 792 3270 eursu
811 3165 993 3243 victorem,
1012 3160 1134 3254 quodd

302 3317 470 3390 ἀγαναῖσιν
483 3318 512 3373 ἐν
522 3318 602 3390 χερσὶ
614 3316 790 3373 ποικιλανίους
803 3317 937 3386 ἐδάμασσε
949 3318 1061 3370 πόλους.

125 3436 248 3510 Etiam
265 3437 326 3510 ubi
343 3447 492 3532 petrono
510 3440 737 3510 commendat
754 3439 913 3532 aurigam
924 3448 959 3507 e:

623 3576 669 3630 οὔκ
681 3574 800 3646 ἐμέμφθη

339 3658 498 3732 ῥυσίδιφρον
509 3664 585 3732 χεῖρα
596 3661 757 3730 πλαξίπποιο
769 3663 866 3730 φῶτος,

337 3747 383 3802 τάν
395 3749 544 3818 Νικόμαχος
556 3747 619 3801 κατά
632 3750 720 3816 καῖρον
732 3745 802 3816 νωμ’
821 3745 960 3801 ἀπάσαις
977 3745 1084 3801 ἁνίαις.

125 3866 213 3937 Nou
239 3867 315 3936 sine
340 3867 477 3938 curiosa
500 3869 651 3960 quedam
678 3868 850 3938 felicitate
877 3867 998 3936 docuit
1024 3866 1179 3935 habenas

125 4004 198 4051 nou
215 3989 292 4050 tum
309 3980 405 4053 flecti
423 4003 530 4074 quam
548 3984 657 4052 tacite
676 4005 718 4052 ec
739 3983 869 4053 sensim
887 3980 996 4052 fluere
1013 3982 1182 4074 quodam-

124 4097 244 4189 modo,
262 4096 334 4166 leui
351 4097 488 4167 dextrae
505 4097 803 4190 obtemperantes.

197 4317 312 4371 cutem.
325 4334 351 4388 3.
365 4332 408 4384 51.
560 4317 665 4386 dPytt.
680 4334 704 4370 2.
722 4335 762 4383 14.
906 4319 1016 4370 ‘istim
1030 4334 1054 4370 2.
1067 4333 1110 4385 31.

633 4429 645 4474 Ι
663 4432 674 4475 l
