2768 4876
179 315 296 367 lesu.
308 327 421 369 xxxrv.
461 307 546 386 Quid
557 309 592 371 in
607 308 800 371 Lucretiam
813 329 848 371 ca
863 329 910 371 ros
923 307 1032 371 colom.
1048 302 1052 307 ’
1185 303 1249 375 695

191 492 417 554 ‹mter-orum.
458 486 590 569 Quidni
600 486 812 578 judicemus,
825 484 1057 576 Philosophos
1069 464 1248 553 interdum

196 606 238 668 et
264 598 394 672 Poetas
424 603 477 671 sui
503 624 680 694 quemque
707 601 812 671 Genii
842 603 959 670 edicta
985 599 1248 692 promulgasse?

198 717 395 804 praesertim
415 716 521 809 siqui
540 719 718 809 propiores
737 725 837 785 erant
854 715 1007 785 insanies.

250 829 379 921 Neque
406 855 488 902 vero
517 833 725 924 putandum,
753 855 800 900 ex
826 830 998 921 ejusmodi
1029 828 1128 897 fonte
1158 826 1246 896 nihil

199 946 263 1014 nisi
280 946 416 1016 foedum
438 949 659 1040 impiumque
677 970 818 1016 manare
836 947 1010 1037 potuisse:
1037 966 1120 1013 cum
1139 941 1244 1012 Sum-

198 1079 256 1126 mo
281 1067 390 1151 atque
415 1059 564 1153 Optimo
591 1061 735 1130 Rectori
762 1061 798 1130 id
825 1083 927 1152 paene
951 1057 1095 1128 solenne
1121 1057 1176 1138 sit,
1204 1065 1244 1125 ut

198 1193 259 1242 sua
274 1176 459 1246 confirmet
477 1184 584 1269 atque
610 1178 776 1268 praedicet
802 1176 1035 1254 inimicorum,
1053 1170 1164 1242 velint
1181 1194 1244 1240 uo-

197 1286 270 1370 lint,
289 1291 504 1374 testimonio,
523 1314 585 1361 seu
602 1291 805 1360 mortalium
824 1291 896 1360 sive
915 1288 1137 1358 Daemonum.

247 1403 340 1476 Haeo
371 1408 398 1476 si
430 1407 486 1476 oui
517 1429 589 1475 non
618 1407 760 1498 penitus
794 1407 915 1497 inepta
944 1413 982 1473 et
1016 1402 1133 1472 futilia
1166 1424 1242 1472 esse

196 1518 417 1604 videbuntur,
436 1524 465 1593 is
486 1522 585 1593 nullo
610 1523 754 1614 negotio
779 1521 968 1614 intelliget,
985 1520 1036 1589 ita
1052 1518 1242 1611 temperari

194 1635 349 1724 potuisse
366 1636 524 1707 Lucretii
542 1638 707 1721 carmina,
725 1637 884 1729 quamvis
905 1636 1066 1717 amentis,
1082 1634 1241 1725 quamvis

195 1746 358 1840 Epicurei
388 1760 425 1821 et
458 1751 615 1822 Deorum
647 1752 805 1821 omnium
837 1749 1099 1840 contemptoris
1127 1756 1168 1817 ut
1198 1770 1241 1817 ea

193 1887 262 1933 uon
290 1867 394 1936 venia
423 1869 538 1951 modo,
566 1889 690 1937 verum
720 1869 828 1936 etiam
856 1866 914 1957 pio
941 1864 1093 1955 quodam
1120 1885 1239 1932 amore

191 1989 485 2070 prosequerentur
501 1981 585 2051 boni
602 1989 710 2072 atque
727 1981 819 2072 frugi
843 1979 1024 2059 homines;
1050 1976 1159 2045 immo
1177 1974 1238 2044 illo

191 2093 289 2185 quasi
306 2095 518 2186 praecinente
534 2096 658 2166 modos
676 2096 864 2177 discerent,
882 2092 1010 2184 quibus
1027 2092 1161 2182 optime
1176 2113 1238 2183 pa-

190 2218 352 2280 rarentur
375 2219 519 2303 pectora
544 2212 589 2282 ad
610 2212 717 2282 verba
737 2230 972 2299 numerosque
990 2230 1072 2276 vere
1090 2208 1237 2276 divinos.

190 2316 232 2389 Id
263 2343 334 2412 qua
366 2324 589 2415 potissimum
623 2325 760 2393 ratione
794 2323 929 2392 factum
963 2321 1021 2404 sit,
1055 2320 1151 2402 alias,
1183 2322 1237 2390 uti

188 2444 322 2527 potero,
340 2438 519 2509 disseram.
570 2438 631 2509 Sic
653 2440 749 2507 enim
775 2438 954 2530 aptissime
980 2434 1237 2505 concludentur

190 2550 402 2626 Lucretiana
417 2562 549 2637 nostra,
567 2554 725 2648 longiore
735 2554 812 2645 jam
830 2552 890 2621 filo
907 2551 1071 2621 deducta.
