2768 4876
187 326 252 393 594
346 326 532 411 Rampidom
545 327 646 390 nimio
659 325 999 411 sinplicitotcpocoore.
1037 347 1228 390 rannxxrx.

187 499 329 588 quidem
349 499 423 569 ullo
441 522 601 570 sermone
618 502 694 591 ejus
711 521 888 593 agnoscas.
928 499 1066 571 Videte
1082 509 1125 570 ut
1142 499 1231 571 Her·

184 616 340 684 mionem
354 615 597 707 reprehendat,
604 617 748 707 privatis
759 615 832 685 fere
844 615 1058 686 carminibus
1069 639 1113 686 ac
1125 639 1230 708 prope

185 752 287 801 socco
305 731 466 824 dignis⁰:

560 877 590 930 οὔ
602 879 631 931 τὸ
644 879 749 942 κάλλος,
762 878 782 932 ὣ
793 879 876 949 γοναί,

358 962 418 1016 ἀλλ’
430 965 456 1016 αἱ
466 962 546 1033 'preci
557 963 682 1033 τέρπουσι
693 964 753 1020 τοὺς
764 964 919 1034 ξυνευνέτατ.

358 1051 393 1104 σὺ
405 1048 426 1103 δ’
439 1053 470 1118 ἢν
481 1072 506 1103 τι
518 1050 632 1118 κνισθῇι,
645 1049 660 1118 ἡ
673 1051 783 1104 Λάκαινα
794 1051 929 1119 μὲνπόλις

357 1136 413 1207 μέγ’
426 1136 492 1199 ἔστι,
504 1137 550 1204 τὴν
562 1136 590 1189 δὲ
602 1139 699 1206 Σκῦρον
710 1137 823 1206 οὐδαμοῦ
834 1137 913 1206 τίθης,

356 1225 477 1278 πλουτεῖς
488 1221 510 1276 δ’
524 1223 551 1277 ἔν
563 1223 594 1275 οὔ
604 1224 758 1286 πλουτοῦσι,
770 1223 905 1279 Μενελέως
916 1223 947 1277 δέ
957 1246 1002 1295 σοι

355 1309 448 1378 μείζων
458 1308 610 1381 Ἀχιλλέως·
628 1310 708 1363 ταῦτά
720 1309 762 1362 τοί
773 1308 799 1365 α’
812 1310 884 1380 ἔχθει
894 1311 982 1366 πόσις.

230 1431 326 1514 Quid
343 1434 450 1526 ergo?
483 1431 584 1502 Num
597 1431 775 1525 alhagico
790 1431 969 1524 Scriptore
982 1434 1106 1503 dedita
1121 1456 1225 1526 opera

179 1545 328 1616 dicimus
347 1547 507 1618 adhiberi
532 1546 683 1616 trivialia
708 1545 782 1617 haec
805 1556 843 1616 et
868 1571 967 1639 paene
990 1550 1137 1632 comica,
1156 1573 1223 1641 quo

178 1672 287 1751 ponat
309 1663 410 1732 nobis
431 1663 589 1732 animum
614 1663 890 1755 generosissimae
906 1664 1224 1754 quoque·mulieris

177 1798 327 1848 moerore
345 1778 561 1848 demissum?
598 1776 738 1847 Scimus
763 1779 870 1861 enim,
889 1780 1063 1849 diuturnis
1088 1781 1224 1873 angori·

177 1891 243 1960 bus
272 1893 399 1962 misere
429 1892 617 1984 aliquando
647 1893 759 1985 frangi
790 1894 942 1985 spiritus,
970 1903 1008 1964 et
1037 1895 1221 1986 paullatim

177 2007 437 2095 quodammodo
459 2027 667 2075 evanescere
693 2028 854 2098 saporem
878 2005 981 2075 illum
1006 2006 1221 2089 nobilitatis;

175 2123 367 2212 praesertim
385 2123 447 2192 ubi
465 2122 543 2213 quis
560 2121 597 2190 in
614 2121 704 2190 servi
722 2119 841 2188 locum
858 2119 1041 2189 veneritl’:

350 2268 431 2336 ἥμισυ
441 2268 492 2339 γὰρ
505 2266 527 2321 τ’
539 2266 630 2336 ἀρετῆς
641 2265 790 2320 ἀποαίνυται
802 2265 914 2334 εῧρνόπα
925 2264 987 2320 Ζεὺς

349 2353 446 2425 ἀνέρος,
459 2352 509 2408 εὖτ’
521 2353 553 2408 ἅν
563 2375 606 2422 μιν
618 2352 682 2406 κατὰ
693 2350 798 2406 δούλιον
808 2349 876 2422 ἦμαρ
888 2350 992 2420 ἕλῃσιν

174 2474 346 2567 siquidem
373 2475 567 2545 audiendus
593 2483 648 2544 est
672 2472 861 2543 Homerus.
920 2471 998 2541 Aut
1023 2468 1135 2565 igitur
1158 2496 1220 2564 pu·

172 2590 321 2660 tandum
350 2589 511 2681 consulto
542 2589 665 2658 fecisse
693 2588 909 2679 Euripidem,
937 2595 979 2656 ut
1005 2587 1219 2680 degenerem

173 2706 348 2796 quandam
362 2705 637 2774 Andromachen
655 2706 691 2772 in
718 2726 859 2773 scenam
881 2704 1064 2786 mitteret3
1091 2697 1154 2773 aut
1169 2705 1218 2793 (id

172 2822 266 2912 quod
285 2821 449 2912 equidem
467 2822 540 2889 veri
557 2842 633 2889 esse
649 2820 771 2910 judico
789 2817 951 2906 similius)
970 2826 1070 2888 tenet
1093 2819 1131 2888 in
1154 2820 1217 2889 hac

171 2958 209 3005 re
239 2959 341 3004 suum
373 2934 460 3004 illud
490 2934 612 3017 Poeta,
640 2943 681 3003 ut
711 2957 756 3002 ex
786 2932 1042 3025 simplicissima
1065 2934 1217 3024 quadam

170 3053 314 3142 privatae
332 3061 368 3121 et
385 3050 582 3120 umbratilis
601 3051 682 3118 vitae
700 3048 851 3117 formula
867 3046 1015 3118 affectus
1032 3048 1216 3141 moresque

170 3168 329 3236 omnium
355 3167 450 3258 exigi
476 3165 572 3235 velit.
625 3165 706 3248 Quo
732 3166 768 3233 in
797 3185 927 3257 genere
957 3186 1106 3254 peccare
1135 3188 1215 3234 eum

169 3282 356 3373 aliquando
383 3291 420 3351 et
441 3282 590 3350 nimium
615 3280 701 3360 fieri,
718 3279 895 3371 popularis
918 3287 995 3348 erat
1017 3282 1213 3350 sententia:

168 3395 274 3463 modo
295 3417 341 3462 ne
361 3404 495 3462 temere
516 3392 726 3462 adhibeatur
743 3391 1008 3484 Aristophanes,
1027 3396 1131 3464 testis
1148 3394 1214 3465 At·

168 3510 320 3579 ticorum
345 3531 388 3578 eo
414 3517 574 3599 tempore
598 3507 799 3577 voluntatis.
852 3506 888 3576 Is
917 3515 1014 3576 certe
1045 3531 1118 3578 non
1146 3509 1213 3580 alia

168 3625 213 3692 de
230 3646 335 3694 causa
350 3623 490 3715 gravius
506 3623 544 3690 in
561 3621 768 3712 Euripidem
787 3620 976 3702 invehitur,
994 3645 1101 3712 quam
1120 3624 1211 3715 quod

165 3739 304 3808 afflictis
323 3737 501 3807 Heroibus
527 3759 567 3805 ac
593 3736 739 3828 Reginis
764 3736 882 3806 sordes
908 3737 968 3806 ille
988 3738 1108 3808 nescio
1130 3762 1211 3832 quas

165 3852 277 3923 soleat
294 3854 462 3935 tribuere,
480 3861 558 3921 tum
577 3853 729 3921 vestium
747 3860 825 3922 tum
844 3853 1079 3924 verboruma:

305 4003 408 4068 πρῶτον
418 3997 465 4065 μὲν
476 3995 536 4052 τοὺς
546 3993 734 4060 βασιλεύοντας
743 3993 809 4066 ῥάκι’
821 3994 970 4065 ἀμπίσχων,
982 3993 1012 4049 ἵν’
1026 3995 1134 4052 ἐλεεινοί

304 4087 359 4140 τοῖς
370 4084 513 4154 ἀνθρώποις
524 4079 644 4153 φαίνοντ’
657 4077 720 4135 εἶναι
723 4122 817 4136 ......

303 4167 347 4224 εἶτ’
360 4169 392 4224 αὖ
403 4169 497 4223 λαλιὰν
509 4169 673 4237 ἐπιτηδεῦσαι
685 4168 726 4220 καὶ
739 4168 888 4237 στωμυλίαν
899 4167 1027 4236 ἐδίδαξας.

199 4329 212 4356 ⁰
224 4318 345 4371 Androm.
362 4333 421 4389 207.
544 4329 558 4365 1¹
573 4319 666 4387 Θῶμεν.
682 4331 723 4388 ¹7·
736 4333 798 4386 3²2·
905 4316 1002 4372 asan.
1018 4332 1205 4390 1095...1101.
