2768 4876
165 349 251 392 11111.
261 348 369 390 xxxvr.
398 324 508 390 collatu
515 326 689 412 precemini
703 347 771 390 com
782 326 907 389 Didone
920 335 949 389 et
965 327 1081 388 Tanto.
1141 328 1204 392 725

164 521 264 589 quam
290 499 379 567 adeo
404 521 475 567 non
501 498 632 566 invitus
657 498 818 588 accipiat,
836 499 1036 588 quicunque
1062 498 1204 589 perjurii

163 637 279 705 poenas
295 614 389 706 exigi
410 612 507 683 velit.

210 728 389 797 Praeterea
413 729 615 809 videndum,
639 751 683 797 an
712 727 783 797 tale
811 726 941 817 aliquid
971 735 1072 796 sonet
1098 727 1206 796 collo-

162 845 282 934 quium
300 841 387 911 illud
404 867 486 913 cum
504 845 629 913 umbra
640 843 801 925 Didonis,
815 843 969 936 ingresso
980 843 1056 933 jam
1076 842 1205 911 inferos

163 957 297 1028 AEnea:
323 960 352 1028 si
371 960 476 1027 modo
501 958 715 1049 colloquium
740 967 826 1040 erat,
844 959 905 1029 ubi
929 968 1009 1049 post
1035 957 1207 1026 submissa

164 1075 222 1142 viri
253 1075 369 1156 verba,
400 1096 634 1166 magnamque
665 1075 860 1165 perturbati
895 1075 1003 1143 animi
1034 1073 1206 1166 significa-

164 1190 296 1258 tionem
306 1197 332 1270 ⁰,

303 1334 352 1387 11111
364 1337 421 1388 solo
434 1335 500 1389 fixos
513 1337 604 1389 oculos
616 1353 708 1388 aversa
719 1334 834 1397 tenebat,

301 1421 359 1474 Nec
371 1423 456 1492 magis
467 1423 572 1492 incepto
583 1424 688 1476 vultum
702 1438 823 1475 sermone
834 1430 964 1483 movetur,

304 1505 392 1564 Quam
405 1509 428 1561 si
440 1507 508 1561 dura
520 1509 584 1562 silex
596 1517 642 1562 aut
655 1518 706 1561 stet
718 1508 852 1577 Marpesia
864 1516 962 1560 cautes.

301 1593 422 1648 Tandem
435 1596 562 1664 corripuit
574 1614 639 1658 sese,
653 1604 731 1666 atque
742 1594 850 1647 inimica
861 1595 959 1663 refugit

304 1679 336 1733 ln
348 1699 443 1735 nemus
454 1682 639 1745 umbriferum,
653 1682 750 1752 conjux
762 1680 809 1734 ubi
821 1681 949 1750 pristinus
962 1680 1000 1732 illi

304 1767 456 1837 Respondet
468 1769 548 1832 curis,
561 1779 700 1840 aequatque
714 1768 834 1821 Sichaeus
846 1784 972 1820 amorem.

304 1855 360 1908 Nec
372 1857 462 1909 minus
475 1857 584 1920 AEneas,
597 1875 661 1910 casu
673 1874 815 1926 percussus
827 1856 928 1925 iniquo,

303 1940 474 2012 Prosequitur
486 1943 633 2013 lacrymans
646 1944 734 2013 longe,
747 1950 773 1995 et
784 1942 1053 1994 miseratureuntem.

212 2070 302 2140 Haec
327 2074 445 2142 nescio
463 2075 639 2163 quomodo
665 2083 791 2142 sonant
808 2073 1000 2153 demissius,
1020 2094 1125 2162 quam
1147 2093 1209 2160 pro

164 2185 337 2276 dignitate
359 2184 459 2253 fortis
485 2185 638 2276 bonique
655 2188 729 2268 viri,
748 2189 879 2256 nedum
902 2187 1052 2278 auspicis
1071 2195 1107 2254 et
1129 2209 1212 2254 auc-

165 2300 250 2367 toris
276 2300 327 2367 rei
353 2299 535 2369 Romanae.
589 2301 642 2369 Eo
668 2303 863 2392 spectabat,
889 2300 1005 2381 credo,
1027 2298 1210 2392 Virgilius

165 2415 317 2505 (sponte,
334 2438 378 2484 an
397 2416 516 2485 dedita
534 2441 648 2507 opera,
668 2419 745 2508 quis
763 2418 895 2507 dicati)
923 2424 963 2484 ut
987 2417 1070 2485 satis
1096 2415 1212 2505 abjec-

165 2540 239 2599 tum
270 2540 376 2622 atque
402 2531 573 2601 humilem
599 2543 746 2624 poneret
771 2534 944 2602 AEneam:
975 2531 1064 2601 illud
1090 2539 1208 2599 autem

164 2668 271 2736 quam
295 2671 412 2739 grave,
433 2650 660 2739 peccantibus
686 2652 722 2718 in
749 2651 929 2740 pudorem,
952 2647 1090 2716 nullum
1117 2645 1212 2735 apud

167 2763 302 2832 Inferos
320 2766 480 2834 mutandi
498 2768 604 2836 11111111
623 2767 740 2836 locum
759 2766 853 2834 fore!

216 2879 288 2948 Sed
306 2902 493 2973 pergamus
503 2882 580 2972 jam
598 2883 632 2951 in
654 2881 797 2950 Latium
816 2903 897 2949 cum
916 2879 1102 2948 AEneadis:
1130 2899 1212 2945 nam

165 2993 214 3060 ibi
232 3016 372 3084 quoque
398 2994 516 3084 paullo
543 2994 751 3086 iniquiorem
777 2994 926 3085 praebuit
948 3016 985 3062 11
1007 2993 1044 3060 in
1062 2992 1212 3060 AEneam

167 3108 289 3189 Poeta,
309 3133 390 3178 cum
408 3109 537 3191 Turno,
551 3109 682 3205 ‚aemulo
700 3110 783 3200 ejus,
802 3107 957 3177 indolem
979 3107 1116 3175 dederit
1142 3129 1213 3174 non

166 3225 272 3293 modo
302 3225 458 3294 nativam
491 3230 533 3294 ac
563 3225 769 3315 simplicem,
800 3246 922 3293 verum
953 3245 1031 3291 eam
1063 3243 1213 3312 quoque,

166 3364 244 3430 quae
266 3341 422 3409 maxime
447 3341 563 3431 capiet
583 3341 728 3422 animos,
745 3341 899 3433 ingenuo
917 3339 1070 3430 quodam
1097 3346 1134 3406 et
1153 3338 1212 3428 ju-

168 3455 275 3525 venili
292 3457 434 3526 ardore:
456 3479 537 3524 cum
556 3467 724 3547 practerea
740 3479 811 3525 non
830 3455 936 3541 dpbie
954 3454 1213 3547 significaverit,

167 3573 273 3641 amari
294 3595 376 3640 eum
394 3571 438 3641 ab
456 3573 531 3663 ipsa
549 3571 715 3641 Lavinia:
745 3571 872 3640 deinde
890 3571 983 3662 quod
1007 3570 1117 3638 instar
1140 3591 1214 3636 om-

168 3689 266 3755 nium
281 3695 344 3767 est,
352 3687 486 3778 justam
505 3687 670 3778 piamque
687 3685 842 3756 bellandi
857 3708 997 3754 causam
1015 3684 1189 3753 addiderit
1203 3706 1212 3762 ;

168 3825 248 3871 eam
270 3802 391 3892 utique
413 3825 518 3892 quam
544 3803 604 3892 qui
628 3809 819 3893 oppugnet,
840 3801 870 3869 is
895 3820 1038 3868 necesse
1061 3798 1128 3865 erit
1152 3820 1213 3865 ex-

168 3926 269 3986 cuset
290 3929 411 4007 aperta
436 3941 476 3986 ac
502 3917 595 3986 clara
613 3916 682 3986 Dei
705 3917 881 3996 mandata,
900 3913 1043 3984 solenne
1060 3910 1159 3990 illud,
1176 3911 1214 3979 in

169 4033 328 4114 AEneide,
347 4034 478 4102 fraudis
496 4033 667 4103 velamen.

220 4147 280 4217 Ad
305 4171 489 4231 summam,
511 4149 668 4218 conferat
692 4148 784 4218 inter
810 4170 847 4216 se
870 4144 995 4235 aliquis
1020 4141 1217 4241 Hectorem

592 4343 606 4371 ⁰
618 4335 685 4387 AEo.
699 4332 724 4386 6.
738 4332 799 4402 469.
