2768 4876
164 309 227 370 loo
403 306 501 368 Oresti
516 304 686 388 Apollinari
701 307 775 369 duri
783 315 959 390 patronum.
1036 330 1130 371 nanu.
1143 331 1210 372 xxi.

165 473 312 544 similius
329 481 366 542 et
383 473 510 542 melius
527 496 601 542 rem
619 475 704 566 egit,
722 478 885 565 quamsi,
905 476 1083 568 Euripidis
1101 501 1209 560 more,

166 582 238 654 θεὸν
267 585 301 653 ἐκ
334 593 477 679 μηχανῆς
504 587 666 676 jussisset
701 587 894 656 identidem
930 588 1091 671 exsilire3
1134 613 1212 680 quae

143 699 266 793 ratio,
282 706 324 768 ut
347 699 433 767 mihi
455 700 598 790 quidem
624 699 773 781 videtur,
791 700 848 769 vel
871 701 1011 792 gravim
1037 702 1074 770 in
1099 703 1211 773 bonos

164 837 280 886 mores
297 823 404 906 atque
421 816 459 883 in
472 813 631 885 Deorum
648 815 882 884 reverentiam
900 822 1034 906 peceat,
1050 829 1156 906 quam
1174 819 1211 886 in

165 930 351 1000 veritatem
368 929 530 999 humanae
547 929 643 999 vitae.
693 928 790 998 Nam
808 929 912 1019 quale
929 931 1072 998 tandem
1092 931 1128 999 id
1146 940 1211 1013 est,

165 1051 207 1112 ut
224 1044 358 1114 facinus
380 1044 510 1133 alioqui
536 1043 792 1113 atrocissimum
814 1042 1000 1113 tolerabile
1022 1043 1094 1125 fiat,
1114 1045 1211 1114 edita

164 1159 275 1228 semel
293 1159 337 1227 de
355 1159 443 1229 oaelo
461 1159 631 1228 daemonis
648 1157 754 1227 voce!
785 1180 856 1249 quo
873 1156 1030 1227 remedio
1046 1159 1086 1238 is,
1104 1182 1210 1249 quem

164 1274 272 1343 modo
300 1274 489 1355 nominavi,
520 1271 717 1363 Euripides,
747 1273 861 1341 utitur
889 1295 972 1341 eum
1005 1271 1101 1355 alias,
1131 1281 1210 1340 tum

164 1389 210 1459 ad
236 1387 343 1458 finem
367 1386 521 1458 Electrae
545 1409 626 1457 suae.
676 1386 820 1470 Quanto
845 1387 976 1456 rectius
1001 1395 1131 1469 noster,
1149 1390 1210 1478 qui

166 1504 271 1574 dooet
295 1503 341 1572 ab
365 1502 477 1584 initio,
507 1502 661 1594 pendere
688 1524 793 1571 omne
823 1500 1009 1572 eonsilium
1039 1524 1085 1571 ex
1113 1524 1212 1572 sano-

165 1617 291 1688 tissimi
317 1617 449 1688 oraculi
475 1619 638 1699 deoret0;
669 1640 811 1708 quoquo
834 1617 941 1686 modo
962 1638 1002 1700 se
1025 1639 1081 1687 res
1103 1618 1212 1687 habe-

164 1731 228 1814 bit,
263 1729 384 1804 Oresti
415 1734 562 1803 minime
596 1733 671 1802 fore
704 1731 960 1824 poenitendum,
990 1733 1085 1823 quod
1119 1734 1213 1802 tanti

165 1845 334 1920 Numinis
351 1848 458 1920 effato
474 1870 610 1919 morem
627 1849 774 1940 gesserit
785 1858 811 1918 P.

376 2004 446 2055 οὔτοι
456 2000 589 2068 προδώσει
601 2001 696 2070 Λοξίου
707 1999 867 2072 μεγασθενὴς

375 2087 503 2158 χρησμὸς,
516 2085 626 2140 κελεύων
637 2087 712 2140 τόνδε
724 2086 837 2141 κίνδυνον
848 2089 937 2156 περᾶν,

376 2171 549 2242 καξορθιάζων
560 2172 657 2235 πολλά,
670 2173 712 2226 καὶ
725 2172 910 2244 δυσχειμέρους

376 2257 438 2315 ἄτας
449 2257 494 2328 ὑφ’
508 2257 575 2329 ἧπαρ
589 2258 683 2329 θερμδν
695 2258 877 2328 ἐξαυδώμενος,

376 2342 399 2396 εί
410 2343 444 2413 μὴ
456 2343 555 2413 μέτειμι
566 2346 612 2398 τοῦ
624 2343 721 2414 πατρὸς
732 2344 791 2398 τοὺς
803 2343 907 2399 αι’τίονς.

379 2467 402 2484 ..
414 2429 553 2484 ..τοιοῖςδε
565 2431 694 2499 χρησμοῖς
704 2425 754 2498 άρα
764 2428 816 2498 χρὴ
827 2425 984 2482 πεποιθέναι.

167 2547 250 2618 Huo
276 2550 385 2619 etiam
410 2552 585 2644 congessit
610 2550 829 2621 teterrimam
851 2550 923 2618 vim
946 2549 1131 2631 minarum,
1152 2571 1213 2640 pa-

166 2665 229 2735 tris
245 2663 418 2734 ultionem
435 2664 629 2757 negligenti
635 2677 662 2747 (¹,
680 2666 724 2735 ab
742 2664 910 2756 Apolline
928 2665 1156 2734 intentorum.

376 2809 406 2861 τδ
416 2807 466 2878 γάρ
480 2810 612 2862 σκοτεινὸν
623 2813 674 2862 τῶν
686 2808 823 2879 ἐνερτέρων
834 2808 915 2873 βελος

376 2893 404 2946 ἐκ
415 2895 617 2965 προστροπαίων
629 2894 656 2949 έν
667 2894 735 2966 γένει
746 2897 925 2957 πεπτωκότων,

377 2980 418 3033 καὶ
429 2979 529 3044 λύσσα,
543 2981 584 3033 καὶ
595 2982 702 3050 μάταιος
714 2981 741 3034 ἐκ
753 2986 849 3035 νυκτῶν
860 2982 947 3050 φόβος

376 3069 447 3132 κινεῖ,
458 3067 596 3138 ταράσσει,
609 3069 650 3120 καὶ
663 3067 779 3120 διώκεται
790 3065 892 3122 πόλεως

375 3152 531 3226 χαλκηλάτῳ
542 3152 687 3224 πλάστιγγι
698 3152 826 3222 λυμανθὲν
839 3151 926 3221 δέμας.

377 3238 418 3291 καὶ
430 3241 484 3293 τοῖς
495 3238 620 3294 τοιούτοις
631 3241 690 3292 οὔτε
701 3241 826 3308 κρατῆρος
836 3237 914 3308 μέρος

377 3321 439 3378 εἶναι
450 3327 591 3394 μετασχεῖν
603 3324 632 3377 οὔ
644 3323 827 3394 φιλοσπόνδου
837 3326 923 3388 λιβὸς,

375 3411 470 3478 βωμῶν
481 3407 503 3462 τ’
516 3408 647 3481 ἀπείργειν
659 3410 705 3463 οὐκ
717 3408 846 3480 ὁρωμένην
857 3411 954 3477 πατρὸς

377 3497 459 3564 μῆνιν,
472 3485 595 3565 δέχεσθαι
607 3493 639 3559 δ’,
652 3499 710 3549 οὔτε
723 3494 848 3549 συλλύειν
859 3494 923 3549 τινά·

376 3580 478 3636 πάντων
490 3581 511 3635 δ’
524 3581 614 3651 ότιμον
626 3580 739 3649 κάφιλον
750 3578 869 3649 θνησκειν
880 3583 975 3653 χρόνῳ,

377 3671 459 3723 κακῶς
470 3665 651 3736 ταριχευθέντα
662 3665 827 3739 παμφθάρτῳ
838 3667 918 3736 μόρῳ.

168 3819 320 3889 Habetis
337 3819 524 3889 formulam
542 3821 617 3911 ejus
637 3818 862 3902 simillimam,
881 3843 986 3912 quam
1004 3819 1109 3887 hodie
1127 3840 1213 3907 quo-

167 3957 237 4026 que
262 3934 419 4003 adhiberi
445 3936 554 4017 aiunt,
572 3942 651 4004 tum
672 3935 798 4004 Romae
825 3943 903 4003 tum
929 3935 1022 4015 alias,
1040 3933 1102 4001 ubi
1128 3931 1212 4000 diris

167 4070 208 4118 ae
234 4050 480 4120 devotionibus
505 4051 702 4120 feriendum
730 4058 785 4119 est
815 4058 922 4141 eaput
951 4048 1092 4138 aliquod
1122 4047 1214 4114 insa-

309 4301 320 4331 ¹²
342 4291 452 4360 Cltob'plt.
467 4291 526 4362 267.
901 4299 912 4329 ‘¹
931 4288 997 4342 ibid.
1013 4289 1072 4354 284.
