2768 4876
166 321 230 387 474
351 319 601 404 Ratioformuloe
614 319 772 402 cujusdam
787 319 977 402 difficilioris.
1014 341 1207 383 rumnxxrv.

164 515 269 583 quam
293 491 447 562 excurrit
465 491 558 561 ultra
575 492 841 583 quatuordecim
859 491 1085 581 versiculos);
1111 515 1210 561 cum·

164 630 233 697 que
250 616 418 698 praeterea
444 608 480 675 in
505 629 542 674 se
564 608 736 698 receperit
754 607 994 677 conditionem
1020 607 1119 677 illam
1143 610 1209 677 mi-

163 725 260 793 nime
294 723 445 804 facilem,
477 745 641 792 sonorum
677 724 753 792 non
781 723 888 791 modo
918 724 1055 814 parium
1085 745 1208 792 verum

164 839 272 907 etiam
292 839 469 920 similium,
488 839 592 907 certis
610 839 864 908 recurrentium
883 837 1087 920 intervallis,
1100 846 1209 928 atque

165 956 258 1024 inter
282 977 319 1023 se
338 955 599 1046 jungendorum
619 953 761 1045 obliquo
783 977 823 1024 ac
845 954 977 1023 difficili
1001 974 1118 1023 nexu:
1145 955 1210 1023 mi·

166 1093 241 1140 rere
267 1093 359 1150 saue,
384 1069 466 1160 quid
493 1070 581 1139 adeo
609 1070 716 1139 fuerit
742 1071 778 1138 in
802 1093 915 1152 causa,
939 1093 1003 1140 cur
1024 1079 1081 1139 tot
1101 1071 1208 1139 animi

165 1186 275 1278 rapidi
302 1209 343 1256 ac
368 1187 543 1255 ferventes
564 1185 657 1254 ultra
683 1186 748 1255 sibi
774 1187 1005 1278 imposuerint
1029 1187 1116 1255 istos
1141 1195 1211 1254 ter-

164 1302 289 1370 minos.
342 1301 479 1370 Praeter
501 1302 595 1370 enim
622 1300 735 1382 illum,
757 1324 863 1393 quem
886 1302 993 1371 modo
1021 1301 1209 1382 nominavi,

167 1417 381 1497 Petrarcam‚
398 1417 496 1485 dedit
518 1440 659 1508 operam
683 1417 880 1488 istiusmodi
904 1417 1127 1498 carminibus,
1141 1439 1211 1507 quo

166 1557 271 1603 nemo
292 1535 445 1603 severius
467 1535 614 1625 scripsit,
632 1557 737 1603 nemo
755 1533 959 1627 religiosius,
976 1534 1114 1603 Dentes
1131 1531 1210 1601 Ali-

165 1648 316 1740 gherus:
344 1650 441 1719 dedit
461 1649 619 1720 Michael
637 1634 799 1742 Angelus
822 1648 883 1728 ille
905 1649 1154 1730 Buouarotius,
1170 1648 1212 1717 li-

167 1765 318 1834 berrimo
336 1787 376 1834 ac
396 1765 591 1858 praegrandi
605 1765 733 1846 animo,
748 1765 887 1857 qualem
902 1766 1000 1834 nulla
1013 1763 1116 1834 facile
1130 1786 1212 1833 con-

166 1881 356 1973 stringeret
382 1879 451 1960 lex,
469 1904 540 1950 non
562 1881 666 1951 unius
684 1881 763 1950 dico
780 1884 875 1962 artis,
894 1883 955 1950 sed
980 1904 1026 1950 ne
1052 1880 1212 1949 omnium

166 1997 311 2087 quidem
343 2005 517 2088 quotquot
549 2007 631 2066 sunt
657 1997 806 2068 artium:
836 1998 935 2067 dedit
964 1997 1073 2066 etiam
1099 1995 1213 2088 Spen-

168 2135 264 2182 sems
281 2121 411 2194 noster,
428 2113 653 2184 mollissimus
671 2113 776 2183 simul
794 2122 831 2183 et
847 2113 1074 2206 gravissimus
1085 2113 1214 2182 Poeta-

168 2249 268 2298 rum:
294 2237 335 2297 ut
352 2228 438 2298 alios
456 2239 593 2299 taceam
616 2230 840 2312 recentiores,
858 2252 929 2298 non
950 2228 1112 2322 indignos
1129 2251 1214 2299 sanc

169 2347 228 2436 qui
262 2346 363 2415 istius
392 2346 508 2438 gregis
539 2328 746 2416 scribantur.
799 2345 1017 2415 Crediderim
1047 2345 1213 2436 equidem

169 2460 258 2530 tales
284 2461 376 2530 viros
402 2484 472 2530 non
498 2462 589 2530 forte
612 2462 761 2551 quadam
789 2462 851 2531 sed
877 2460 1017 2531 occulto
1043 2461 1214 2530 instinctu

169 2577 331 2646 incidisse
362 2578 397 2645 in
429 2600 506 2645 eam
538 2577 738 2660 formulam,
768 2601 845 2668 quae
875 2601 957 2646 cum
987 2585 1080 2645 esset
1109 2576 1214 2645 solito

170 2694 308 2773 arctior,
326 2693 517 2785 profundos
540 2694 737 2762 animorum
759 2701 921 2769 aestuset
939 2692 1112 2762 desideria
1136 2715 1215 2784 pos-

170 2816 224 2878 set
242 2807 345 2876 simul
364 2818 401 2876 et
419 2809 537 2877 fovere
555 2817 591 2877 et
609 2831 841 2900 compescere,
860 2808 956 2878 salvo
974 2809 1119 2899 pudore.
1158 2808 1217 2876 Ita

170 2924 303 2993 factum
325 2933 390 3004 est,
408 2933 449 2993 ut
472 2925 509 2993 in
532 2925 645 3015 majus
671 2933 936 3016 promoveretur
952 2924 1070 2994 vivida
1086 2923 1148 2993 illa
1165 2924 1216 2993 vis

171 3039 289 3119 animi,
310 3063 387 3130 quae
416 3039 550 3109 consilii
578 3039 709 3130 poetici
735 3062 872 3130 expers,
898 3039 1022 3108 fuisset
1048 3039 1217 3130 quodam-

171 3156 277 3224 modo
295 3156 439 3237 ruitura,
458 3156 552 3225 mole
570 3179 643 3224 sua.

222 3266 344 3337 Redeo
356 3269 431 3359 jam
451 3267 494 3337 ad
510 3267 664 3360 Lyncus,
679 3292 719 3338 ac
737 3270 933 3360 praesertim
951 3270 995 3339 ad
1010 3269 1217 3352 Pindarum3

172 3405 278 3472 quem
307 3392 451 3475 propter
478 3382 583 3452 hodie
608 3385 644 3452 in
672 3384 767 3454 hunc
794 3407 993 3455 sermonem
1020 3384 1217 3454 incidimus.

174 3497 368 3566 Neminem
395 3508 515 3567 autem
541 3498 665 3591 fugiet,
688 3501 823 3592 opinor,
845 3502 904 3591 qui
929 3500 984 3569 vel
1009 3500 1149 3569 modice
1174 3500 1219 3568 sit

174 3612 331 3680 imbutus
359 3613 433 3703 ejus
460 3613 580 3683 Poetae
611 3614 774 3697 lectione,
791 3617 873 3706 jure
899 3616 1051 3706 quodam
1080 3612 1219 3704 proprio

175 3731 362 3798 convenire
382 3730 418 3797 in
445 3752 527 3798 eum
546 3733 674 3809 omnia,
693 3754 770 3821 quae
794 3754 858 3801 nos
884 3730 952 3799 hoc
975 3738 1135 3821 tempore
1154 3729 1221 3798 dis-

175 3845 376 3934 putavimus
406 3847 449 3914 de
480 3847 641 3915 universo
672 3847 877 3938 Lyricorum
908 3868 1057 3939 genere:
1085 3842 1221 3913 difficil-

174 3957 258 4027 lime
281 3960 445 4029 videlicet
468 3960 561 4051 apud
586 3984 645 4030 eos
670 3962 819 4029 inveniri
845 3961 982 4050 quaein
1008 3981 1221 4051 unoquoque

175 4073 403 4142 scribentium
439 4099 539 4144 mens
573 4085 610 4145 et
645 4075 779 4145 indoles
816 4076 972 4143 maxime
1007 4075 1220 4142 dominetur.

177 4185 273 4255 Nam
303 4196 341 4256 et
371 4189 517 4260 mirifica
547 4199 623 4261 arte
650 4192 829 4262 variantur
859 4199 966 4280 atque
996 4188 1223 4281 implicantur

177 4298 351 4371 Pindarici
372 4306 520 4386 numeri,
539 4317 614 4374 ete
636 4306 837 4398 longinquo,
856 4305 981 4395 siquis
1006 4303 1107 4384 alius,
1131 4301 1222 4372 solet
