2768 4876
164 345 261 387 1111111.
273 343 362 385 xxrv.
397 320 581 393 Poematis,
598 322 1095 406 91111111111119111111111.
1148 324 1208 390 471
1317 352 1330 367 =

166 493 252 562 soris
278 493 482 583 injuriosam
507 500 743 585 potestatem
770 503 811 562 ut
827 493 1002 586 Thestylis
1022 493 1083 563 ille
1102 493 1214 585 Spen-

166 610 325 678 seriauns
343 609 577 699 querimonias
603 617 641 678 et
666 609 783 678 luctus
809 608 1043 686 Sidneiorum,
1068 633 1215 702 genero-

167 724 315 796 sissimae
330 724 466 806 domus,
480 724 685 794 familiarius
702 725 854 795 scribere
867 727 1008 795 audeat:
1030 735 1108 795 tum
1120 724 1215 816 quod

166 841 366 909 maximnm
384 849 449 921 est,
467 849 507 908 ut
530 841 576 909 sit
597 841 692 908 unde
710 841 852 910 veniant
881 843 917 909 in
942 850 1079 933 partem
1101 841 1217 931 oujus-

167 976 238 1044 que
264 953 413 1023 affectus
437 953 506 1023 illae
531 977 586 1023 res
609 955 736 1044 quibus
758 977 880 1024 omnes
900 955 944 1024 ad
968 978 1078 1023 unum
1097 953 1217 1024 Poetae

168 1070 285 1139 solent
311 1093 353 1139 ao
375 1070 506 1139 debent
531 1071 706 1161 praeoipue
729 1070 918 1154 delectari3
945 1071 1048 1152 silvae,
1067 1079 1216 1154 montes,

168 1187 334 1268 arbusta3
360 1186 468 1254 verbo
495 1186 620 1267 dicam,
644 1208 861 1276 quaeounque
886 1187 932 1255 ad
957 1209 1016 1255 rus
1041 1188 1145 1255 etad
1168 1188 1218 1254 vi-

169 1314 244 1372 tam
268 1310 445 1394 agrestem
471 1302 680 1391 pertinent..
713 1300 903 1371 Videtisne
920 1324 991 1391 qua
1007 1302 1040 1369 vi
1062 1302 1218 1370 maxime

170 1418 288 1509 capiat
311 1417 446 1486 animos
470 1415 618 1485 Miltoni
639 1416 811 1508 Lycidas?
864 1415 996 1486 Nonne
1018 1420 1113 1508 apud
1136 1440 1218 1486 eum

171 1540 322 1626 regnant
340 1533 516 1602 umbrosae
535 1530 654 1613 valles,
673 1531 816 1601 floriferi
840 1530 959 1614 soltus,
977 1555 1069 1601 aurae
1090 1533 1127 1601 iu
1144 1555 1220 1602 ves-

171 1671 294 1740 perem
312 1646 493 1738 spirantes,
513 1648 631 1715 omnia
649 1648 810 1738 denique,
826 1671 977 1737 quorum
996 1671 1062 1739 ope
1081 1647 1221 1718 Natura

171 1764 328 1833 maxime
347 1763 481 1832 delenit
498 1763 683 1832 homines?
724 1761 777 1831 At
794 1763 858 1845 his,
873 1772 914 1832 ut
931 1763 1089 1844 arbitror,
1103 1762 1221 1834 nullus

172 1881 325 1949 dabatur
348 1879 458 1960 loonS,
477 1887 607 1972 negata
623 1879 783 1970 scriptori
802 1877 864 1948 illa
880 1881 992 1959 venia,
1011 1887 1052 1947 ut
1071 1879 1221 1970 fingeret

170 1995 240 2063 sibi
268 1995 481 2086 pastoralem
509 1996 607 2086 quasi
635 2017 787 2076 scenam,
814 2002 851 2064 11
877 1996 1030 2085 speciem
1059 1995 1222 2064 indueret

173 2113 292 2181 moesti
319 2111 446 2193 coloni,
469 2135 614 2205 gregem
640 2112 753 2203 primo
780 2134 883 2179 mane
909 2119 1049 2201 pastum
1074 2111 1221 2202 agentis,

174 2240 283 2319 atque
309 2228 605 2319 interagendum
632 2228 818 2310 cantantis,
836 2250 917 2296 oum
945 2250 1072 2320 magno
1095 2227 1223 2298 sodalis

175 2344 307 2412 mortui
325 2344 506 2413 desiderio.

226 2457 310 2528 Jam
329 2469 449 2528 autem
463 2462 626 2529 universa
640 2460 846 2553 Lyrioomm
864 2460 961 2529 natio
976 2461 1019 2547 (si
1037 2462 1142 2530 modo
1160 2483 1226 2531 nos

176 2583 273 2644 reote
302 2575 445 2667 Lyrioos
471 2575 705 2668 appellamus)
732 2584 828 2646 caret
854 2577 966 2644 ferme
996 2577 1064 2645 ista
1089 2578 1226 2647 ratione

177 2693 293 2760 oneris
314 2693 524 2782 deponendi,
551 2714 633 2760 oum
654 2701 805 2784 agantur
826 2693 876 2762 ibi
901 2693 1020 2762 omnia
1039 2715 1085 2761 ex
1105 2692 1228 2763 Poetae

176 2807 286 2898 ipsius
313 2831 470 2898 persona.
524 2807 642 2888 Porro,
664 2809 759 2898 qnod
785 2806 970 2877 eonsilium
996 2808 1149 2900 negabat
1175 2810 1226 2878 rei

178 2931 313 3005 natura,
330 2924 525 2992 ineundum
550 2925 587 2993 id
609 2932 685 2991 1111
707 2947 752 2992 ex
775 2932 851 2992 arte
873 2931 910 2991 et
936 2921 1052 2991 studio
1073 2925 1227 2992 seriben-

179 3037 279 3107 tium.
333 3036 467 3107 Videte
485 3061 577 3119 vero,
596 3060 641 3106 an
658 3038 696 3104 in
714 3060 818 3107 causo
836 3038 914 3106 dnae
931 3038 1153 3128 potissimum
1171 3059 1229 3106 res

178 3152 261 3233 sint,
283 3175 347 3220 our
372 3154 465 3243 apud
493 3153 636 3244 Lyrioos
661 3175 801 3243 quoque
824 3174 907 3221 suus
931 3162 1091 3221 servetur
1114 3152 1229 3223 honos

178 3268 329 3356 poetioae
363 3267 591 3348 vereoundiae,
623 3290 739 3357 neque
773 3267 882 3336 nimia
915 3266 996 3336 luoe
1030 3275 1156 3336 extent
1190 3276 1228 3336 11

179 3381 359 3452 emineant
392 3383 509 3452 arcani
544 3384 714 3474 cujusque
748 3405 873 3464 mores,
909 3384 1036 3467 studia,
1070 3382 1227 3453 affectus.

179 3498 399 3567 Crediderim
419 3499 456 3567 id
474 3500 559 3581 fieri,
577 3500 741 3590 primum,
760 3498 816 3568 vel
834 3500 1006 3568 instinctu
1024 3498 1080 3566 vel
1092 3498 1228 3589 judicio

179 3634 301 3681 eorum
319 3616 379 3704 qui
398 3616 566 3696 scribunt,
584 3612 802 3710 deligentium
827 3613 894 3683 sibi
916 3638 972 3684 res
993 3611 1097 3707 poulo
1119 3636 1229 3682 remo-

179 3726 282 3797 tiores
308 3727 349 3798 ab
376 3729 422 3798 iis
448 3753 593 3823 quorum
615 3753 731 3799 aurore
752 3738 917 3799 1111111111.
969 3729 1050 3812 Quo
1067 3729 1118 3810 fit,
1138 3738 1178 3797 ut
1199 3731 1228 3798 si

178 3842 270 3912 forte
287 3843 380 3935 ipsas
397 3847 593 3938 tetigerint,
611 3844 796 3915 incurrisse
819 3844 937 3937 potius
955 3845 991 3912 in
1009 3867 1067 3913 eas
1087 3844 1229 3914 videan-

178 3967 246 4040 tur,
272 3982 378 4050 quam
406 3962 526 4031 dedita
555 3985 661 4052 opera
687 3961 863 4051 petivisse.
916 3959 1117 4029 Maximam
1144 3983 1228 4031 vero

179 4083 315 4164 partem
348 4074 477 4146 ludunt
505 4076 776 4166 quodammodo,
805 4085 843 4146 et
868 4075 980 4145 veluti
1008 4075 1230 4146 oiroumvoli-

179 4199 257 4259 tant
275 4190 418 4260 delicias
435 4214 525 4262 suas.
577 4192 671 4262 Talis
690 4201 730 4261 ut
751 4192 943 4285 plurimum
962 4189 1131 4260 Herberti
1149 4215 1229 4262 nos-

180 4305 280 4374 tratis
297 4314 352 4374 est
372 4307 472 4388 ratio,
491 4309 645 4399 tegentis
669 4331 838 4390 amorem,
858 4330 927 4398 quo
945 4305 1128 4398 flagrabat,
1148 4329 1230 4376 vere
