2768 4876
163 307 229 375 602
371 308 531 393 Απίίᾳοιια
545 306 633 390 αριιά
644 306 816 372 Ρόωιιίιιαι
829 307 951 371 liudo:
1010 330 1106 373 rum.
1118 331 1207 372 xxix.

164 484 291 566 ferens,
307 490 348 551 ut
368 480 480 573 magis
497 479 692 572 significare
709 501 815 570 quam
833 478 1074 549 demonstrare
1091 481 1209 551 videu-

164 607 232 671 tur.
278 597 388 666 Plane
404 596 591 665 mirificum
607 603 661 664 est
678 595 714 663 in
731 594 798 664 hoo
816 618 854 665 re
871 594 1087 687 colloquium
1104 597 1210 690 regiae

164 715 308 807 virginis
324 736 406 783 oum
423 711 556 781 famulo
574 734 656 782 sene
676 711 849 794 habitum,
867 713 1061 804 prospectis
1086 713 1208 805 procul

164 854 185 901 e
215 829 357 921 specula
384 826 598 920 Argivorum
627 828 850 920 agminibus:
881 851 961 919 quae
990 829 1105 920 primo
1132 830 1208 922 qui-

164 942 258 1024 dem,
275 951 317 1011 ut
334 940 461 1033 puello,
479 940 617 1032 eapitur
633 941 709 1032 ipso
726 939 864 1033 fulgore
882 937 1109 1010 armorumd:

409 1074 440 1130 ίω
451 1077 543 1130 πότνια
553 1078 601 1130 ποῖ
612 1079 711 1132 Λατοῦς

409 1161 511 1224 Ἑκάτα,
524 1162 685 1232 κατάχαλκον
695 1159 764 1216 άπαν

410 1249 499 1302 πέδιον
509 1248 659 1318 ἀστράπτει.

165 1362 305 1433 Deinde
322 1362 542 1432 muliebriter
559 1365 715 1447 miratur,
732 1386 777 1433 un
795 1366 913 1435 omnia
930 1367 1001 1435 sint
1018 1366 1148 1438 clausu

410 1490 459 1562 δρα
470 1491 551 1547 πάλαι
562 1492 698 1563 κλείθροις,

409 1581 555 1650 χαλκόδετά
567 1579 588 1634 τ’
601 1582 703 1650 ἔμβολα

410 1665 522 1722 λαῖνέοις
530 1665 673 1736 Ἀμφιόνος
684 1666 802 1737 ὀργάνοις

410 1752 509 1822 τείχεος
520 1753 664 1823 ἥρμοσταις

166 1868 331 1959 Denique
357 1875 438 1959 post
466 1865 581 1935 multa
606 1867 756 1957 quaesita
781 1876 818 1935 et
847 1867 976 1949 audita,
1003 1867 1123 1959 qualia
1148 1892 1209 1939 ne-

165 2007 261 2055 cesse
289 1992 343 2053 est
371 1983 514 2052 veniant
544 1982 580 2050 iu
610 1990 768 2051 mentem
800 1982 957 2052 delicatae
987 1984 1115 2078 virgini
1146 1985 1208 2056 toli

162 2110 334 2192 tempore,
350 2100 464 2191 injicit
481 2098 598 2169 subito
615 2099 834 2168 mentionem
851 2098 967 2170 fratris
977 2111 1010 2170 ²:

410 2223 461 2274 ποῦ
472 2221 523 2272 ποῦ
534 2217 557 2272 δ
570 2216 599 2274 ὃς
610 2219 667 2288 ἐμοὶ

408 2310 468 2377 μιᾶς
479 2304 571 2378 ἐγένετ’
584 2305 612 2360 έκ
623 2305 733 2376 ματέρος

410 2396 549 2468 πολυπόνῳ
560 2391 647 2464 μοίρᾳ,

410 2481 430 2537 ὣ
442 2479 557 2552 φίλτατ’,
570 2478 633 2543 είπε,
645 2482 696 2532 ποῦ
706 2478 760 2533 ’στι
772 2479 936 2548 Πολυνείκης,
947 2479 1025 2551 γέρον
1031 2501 1040 2544 ;

165 2587 408 2659 Monstratum
434 2595 555 2655 autem
572 2588 633 2655 vix
654 2594 691 2656 et
714 2609 759 2655 ne
781 2589 840 2656 vix
859 2586 1002 2679 quidem
1028 2592 1208 2683 agnoscit3

164 2729 263 2774 more
281 2727 402 2774 eorum
419 2725 569 2793 quorum
588 2703 680 2772 oeuli
698 2703 821 2793 procul
839 2713 997 2797 quaerunt
1015 2707 1210 2776 carissimos

165 2821 271 2916 longo
288 2831 368 2914 post
385 2828 567 2910 ternpore:

376 2952 452 3018 όρᾶς;
472 2958 502 3002 Α.
517 2951 568 3018 όρῶ
581 2948 634 3017 δῆτ’
648 2950 678 3003 οὐ
691 2950 793 3020 σαφῶς,
807 2952 858 3019 όρῶ
871 2950 901 3004 δέ
910 2973 965 3007 πως

375 3037 480 3107 μορφῆς
491 3034 606 3105 τύπωμα,
619 3035 715 3106 στέρνα
727 3035 749 3089 τ’
762 3037 930 3106 ἐξῃκασμένα.

167 3144 351 3214 Postremo
369 3144 523 3234 erumpit
539 3143 576 3210 in
594 3141 839 3212 mollissimum
857 3167 1018 3215 carmen:

376 3263 516 3332 ἀνεμώκεος
528 3260 579 3316 ε’ίθε
592 3263 688 3332 δρόμον
700 3263 812 3334 νεφελας

375 3352 456 3405 ποσὶν
468 3349 617 3419 ἐξανύσαιμι
630 3350 661 3404 δι’
674 3351 776 3420 αἰθέρος

376 3439 442 3507 πρὸς
453 3437 514 3506 έμδν
526 3439 703 3508 ὁμογενέτορα

340 3561 342 3566 -
376 3525 436 3593 περὶ
449 3523 470 3577 δ’
484 3523 581 3578 ὠλένας
593 3523 654 3595 δέρᾳ
666 3526 780 3594 φιλτάτᾳ

375 3611 491 3679 βάλοιμι,
504 3613 590 3682 χρόνῳ
602 3610 706 3682 φυγάδα
717 3610 820 3680 μέλεον.

168 3717 227 3786 Ne
261 3718 319 3787 hie
353 3717 495 3808 quidem
531 3718 596 3786 sibi
631 3725 828 3810 temperare
862 3729 980 3811 potest
1014 3722 1061 3791 ab
1095 3746 1213 3794 amore

167 3834 360 3928 splendoris
376 3833 480 3926 plane
498 3835 673 3904 foemineo.

377 3955 411 4010 ὡς
423 3952 529 4008 ὅπλοισι
541 3954 694 4024 χρυσέοισιν
706 3956 840 4025 εὐπρεπὴς,
852 3957 938 4028 γέρον,

378 4041 450 4096 ε’όαις
461 4039 536 4111 όμοια
549 4040 687 4113 φλεγέθων

377 4130 502 4190 βολαῖσιν
513 4128 609 4182 ἀελίου.

309 4269 425 4323 dPuoen.
442 4285 499 4340 107.
905 4278 997 4332 elbid.
1014 4293 1073 4350 157.
