2768 4876
185 381 250 446 ΜΩ

216 532 382 586 intuentibus
402 547 462 583 vere
480 528 580 599 Epicus
600 530 728 594 videatur,

216 617 277 684 721.
309 602 373 673 quid
392 601 425 654 de
444 600 531 654 AEnea
550 618 600 654 suo
618 601 729 655 senserit

215 681 356 735 incertum,
379 687 438 743 723.
475 671 552 741 erigit
572 671 675 724 animos
700 671 728 724 in

214 742 272 814 ejus
285 742 429 802 interitum,
444 755 504 811 724.
566 758 659 794 rsouas
677 741 727 794 mi·

214 829 311 866 nomm
330 812 445 882 partium
465 828 502 881 qu
538 810 663 864 ammodo
681 828 727 864 ne-

213 882 299 953 gligit,
322 895 381 952 727.
412 881 504 950 recipit
528 899 556 934 11
579 881 675 934 lubens
698 882 728 934 in

213 969 269 1005 rem
283 953 417 1014 rusticam,
429 966 489 1022 729,
501 964 560 1021 742.
579 952 727 1021 praesertim

213 1039 227 1075 e
240 1023 345 1091 praeliis,
359 1034 419 1091 731.
449 1020 518 1074 bella
530 1038 558 1074 se
571 1021 659 1074 odisse
672 1021 726 1091 sig·

212 1092 310 1154 nificat,
318 1105 377 1162 732,
387 1104 447 1162 734.
467 1091 531 1172 quid
539 1091 583 1155 ita,
593 1106 653 1162 734,
665 1104 725 1172 735,

213 1162 413 1232 7398010110
444 1171 539 1242 spiritu
556 1179 612 1215 non
632 1171 724 1225 caruit,

212 1245 273 1302 735.
292 1249 341 1286 cur
356 1249 467 1286 cremari
474 1232 588 1356 p'usserit
600 1231 725 1295 AEneida,

212 1301 273 1372 736.
297 1302 432 1373 quomodo
457 1320 473 1355 a
519 1301 602 1371 Epica
624 1302 725 1355 invitus

210 1373 357 1435 accesserit,
371 1372 470 1425 xxxvii.
484 1373 544 1441 738,
558 1373 607 1425 811.
630 1388 679 1425 cur
697 1389 725 1425 se

210 1442 336 1511 Augusto
345 1442 483 1505 addixerit,
493 1455 553 1512 740.
575 1441 725 1495 sentitcum

209 1512 327 1575 rusticis,
341 1530 397 1566 non
415 1512 606 1566 rusticantibus
625 1513 722 1575 solum,

210 1595 271 1652 741.
301 1582 392 1636 omnia
409 1600 501 1636 eorum
519 1599 593 1635 more
611 1583 722 1646 notavit,

208 1664 269 1775 342.
292 1670 355 1706 cum
366 1653 398 1706 iis
411 1652 592 1706 stomachatur
603 1661 630 1705 11
641 1670 721 1722 gran·

227 1723 328 1776 iuscule
346 1723 472 1793 loquitur,
488 1736 548 1794 744.
577 1721 647 1776 ludit
664 1722 722 1792 ipse

207 1793 242 1845 ali
260 1792 349 1847 uando
372 1793 496 1856 insciens,
520 1792 583 1846 ibid.
608 1800 634 1845 et
659 1805 720 1862 753.

208 1861 222 1915 Ι
261 1863 266 1874 “
305 1863 400 1917 astoris
419 1881 540 1917 sermone
551 1863 644 1926 utitur,
658 1875 720 1986 747.

207 1950 276 2014 pecu
295 1951 323 1986 es
336 1934 468 2003 praecipue
484 1943 510 1987 11
525 1951 586 2002 apes
604 1950 664 1986 arna
683 1942 718 1997 at,

203 2002 269 2056 abia
289 2004 337 2056 &c
370 2003 470 2085 duplici
491 2003 524 2056 de
545 2021 635 2066 causa,
658 2003 718 2072 748.

205 2073 324 2144 loquitur
344 2072 378 2126 de
398 2074 430 2127 111
451 2082 482 2127 ut
501 2072 534 2126 de
554 2072 720 2137 hominibus,

204 2150 260 2196 tam
279 2143 346 2197 serio
359 2161 440 2214 quam
457 2142 561 2206 ludens,
575 2156 636 2213 750.
667 2144 718 2197 sub

205 2229 296 2266 earum
326 2231 440 2283 persona
469 2213 590 2266 homines
617 2213 716 2277 irridet,

205 2295 266 2406 352.
285 2301 341 2337 non
352 2301 400 2338 rus
413 2284 508 2347 solum,
519 2282 566 2336 sed
577 2300 624 2336 rus
637 2300 717 2336 suurn

223 2353 378 2417 asiderabat,
393 2367 453 2425 755.
483 2353 635 2407 tentabatur
647 2371 716 2406 sern-

204 2440 251 2546 fg
270 2423 386 2478 absenti
406 2425 476 2477 ruris
496 2422 634 2487 desiderio,
655 2425 715 2494 758.

247 2512 318 2547 mam
330 2495 411 2556 venit,
424 2502 543 2562 tempore
558 2493 648 2547 obitus
662 2493 716 2546 Lu-

204 2564 285 2626 cretii,
304 2565 412 2618 xxxviii.
434 2565 493 2634 760.
523 2564 642 2632 pueritiae
660 2582 715 2617 me-

203 2635 287 2687 moria
300 2653 327 2688 se
339 2636 381 2688 vel
393 2635 421 2687 in
433 2634 590 2687 tristissimis
605 2634 714 2697 solatur,

204 2703 265 2773 762,
280 2703 340 2774 765,
354 2706 413 2775 781.
443 2703 580 2773 Epicureis
593 2705 716 2758 consulto

203 2774 424 2845 seopponit,764.
438 2773 622 2827 communium
629 2775 715 2826 norni-

203 2862 269 2897 num
298 2846 356 2898 loco
386 2844 499 2914 propriis
529 2843 621 2906 utitur,
654 2843 713 2913 766.

203 2913 292 2968 Ι)111111
305 2915 508 2983 omnitempore
523 2913 616 2967 adesse
633 2914 714 2982 signi·

202 2984 272 3048 ficat,
283 2998 343 3055 779.
363 3003 410 3038 cur
424 2991 441 3013 “
450 2993 576 3038 aeternam
587 2985 713 3036 noctem”

202 3053 305 3118 dixerit,
318 3055 408 3108 xxxix.
423 3055 482 3125 782.
509 3054 625 3106 Platonis
638 3053 713 3106 audi-

201 3132 252 3187 tor,
266 3126 326 3195 783.
354 3143 415 3178 eum
427 3141 482 3178 non
495 3124 575 3177 verba
587 3122 712 3176 (1111111-

201 3195 313 3258 toribus,
328 3196 387 3265 784.
414 3194 544 3248 vaticiniis
562 3193 712 3257 abundans,

200 3271 273 3318 totus
291 3273 381 3318 tamen
397 3273 437 3318 est
455 3265 483 3317 in
501 3264 637 3327 memoria,
652 3265 712 3333 787.

200 3335 341 3402 puerilium
360 3336 472 3388 fortasse
491 3353 631 3396 annorum,
652 3347 712 3404 790.

201 3404 345 3458 delectatur
366 3405 500 3458 ominibus
525 3423 541 3457 a
564 3403 711 3473 pecudibus

201 3473 296 3538 ductis,
311 3490 370 3598 793.
402 3474 530 3547 εἰρωνείαν
542 3484 650 3544 propter
662 3494 711 3544 pu·

200 3543 291 3598 dorem
304 3564 319 3598 a
339 3546 419 3609 hibet,
434 3545 494 3616 796.
526 3563 632 3599 summa
643 3544 711 3598 indi·

200 3615 301 3668 ciorum
314 3617 370 3685 ejus
383 3617 495 3685 pietatis,
510 3617 569 3686 798.
600 3615 711 3669 ultimus

200 3684 390 3739 Primariorum
402 3686 473 3754 apud
485 3695 594 3747 veteres,
604 3687 640 3738 xl.
649 3687 710 3738 800.

199 3773 251 3825 qua
272 3774 303 3808 ex
326 3764 399 3826 parte
422 3757 558 3809 veritatem
583 3754 710 3819 docuerit,

198 3826 259 3890 804.
291 3844 339 3879 cur
350 3827 462 3907 majores
480 3825 565 3878 nostri
575 3825 711 3895 magicum

197 3914 259 3949 eum
272 3896 438 3958 credidermt,
452 3897 512 3961 805.

166 3966 285 4047 Viryiaes
298 3967 369 4020 Deas
382 3985 397 4020 a
410 3965 567 4036 Virginibus
583 3965 709 4029 invocari,

196 4055 269 4089 xxm.
282 4052 342 4106 454.

165 4107 294 4162 Virtatam
325 4107 445 4159 omnium
475 4122 617 4159 commune
648 4123 710 4158 cum

197 4176 274 4230 Poesi
286 4177 432 4239 vinculum,
444 4178 498 4231 xiv.
513 4192 572 4245 239.

165 4247 250 4300 Vitam
262 4254 388 4299 aeternam
400 4265 446 4316 per
460 4246 613 4300 Lucretium
626 4244 707 4315 signi-

196 4317 276 4379 ficari,
288 4335 368 4370 xxxv.
383 4331 443 4387 701.

163 4387 234 4440 Vitia
265 4386 403 4455 splendida
432 4388 544 4441 libenter
574 4385 706 4448 celebrari,

193 4475 247 4512 xm.
263 4473 323 4510 211.

163 4528 258 4581 Vitium
270 4526 468 4582 educandamm
481 4529 547 4582 ratio
560 4525 632 4596 apud
644 4525 706 4579 Vir·

649 375 864 439 INDEX

814 531 917 601 ffffiuma
930 531 1028 585 mvii·
1043 544 1103 601 753·

782 601 876 654 Vitalc
896 601 968 671 apud
990 601 1152 672 AEschylum
1173 601 1325 666 similitudo,

814 671 867 724 xix.
876 688 937 742 340.
955 672 983 724 in
992 671 1104 741 rupibus
1115 673 1228 726 errantis
1241 673 1325 744 imago

814 741 975 805 dulcissima,
988 742 1060 795 xxiii.
1074 743 1135 812 458.

783 812 881 865 Ulcisci
901 813 995 875 malos,
1014 829 1076 882 pars
1098 811 1235 876 bonitatis,
1254 813 1324 867 xviii.

813 883 874 952 318.

782 953 894 1020 Ulysses,
909 952 997 1006 occiso
1013 952 1111 1015 Rheso,
1131 970 1214 1023 equos
1234 953 1323 1024 abigit,

811 1022 847 1074 ix.
863 1036 921 1092 135.
954 1022 1071 1075 minatur
1090 1021 1269 1092 Eurymacho,
1288 1025 1321 1078 xi.

814 1106 872 1162 172.
900 1092 934 1146 ab
946 1092 1075 1147 Achilleia
1088 1092 1228 1161 splendore
1241 1095 1321 1158 abest,

814 1177 872 1231 173.
894 1180 957 1232 erga
967 1171 1080 1216 matrem
1091 1162 1178 1232 friget,
1194 1176 1265 1234 174.ί
1277 1183 1321 1234 pa-

810 1233 889 1285 triam
906 1249 1028 1286 reversus
1044 1250 1099 1285 non
1118 1234 1248 1302 agnoscit,
1264 1247 1320 1305 179.

811 1319 858 1354 cur
885 1301 957 1372 apud
983 1302 1077 1355 Circen
1107 1312 1234 1367 moretur,
1262 1306 1318 1371 184.

811 1371 951 1425 lliacarum
974 1389 1064 1425 rerum
1086 1373 1215 1426 memoria
1237 1375 1319 1445 lacry-

809 1451 906 1504 matur,
919 1442 964 1495 xii.
979 1455 1038 1513 195.
1069 1445 1246 1495 constantiam
1264 1445 1319 1513 ejus

809 1513 879 1566 varie
897 1512 1002 1575 tentari,
1015 1512 1060 1564 xii.
1083 1511 1142 1582 196.
1166 1513 1223 1581 ejus
1237 1531 1318 1576 mors,

809 1599 869 1636 202.
900 1600 948 1636 cur
969 1600 1031 1636 eum
1055 1582 1225 1651 suspicentur
1247 1584 1318 1648 socii,

807 1653 860 1706 xiv.
875 1666 934 1722 227.
960 1652 1098 1705 mendicus
1117 1652 1241 1722 egestatis
1260 1671 1319 1722 spe·

807 1723 892 1776 cimen
905 1722 1014 1792 praebet,
1028 1723 1088 1776 228.
1108 1722 1250 1775 consilium
1262 1724 1319 1793 ejus

806 1792 839 1846 de
857 1793 937 1846 armis
956 1792 1118 1855 amovendis,
1132 1809 1192 1862 234.
1224 1810 1318 1847 curse

800 1863 882 1933 jactet
909 1864 1012 1917 servilia
1035 1879 1146 1916 munera
1170 1872 1317 1931 expertum,

805 1947 865 2002 235.
896 1951 944 1986 cur
962 1934 991 1987 in
1014 1933 1128 1987 famulos
1153 1934 1253 1996 saeviat,
1273 1952 1317 1987 xv.

805 2002 877 2069 250.
891 2003 1000 2058 Numen
1013 2002 1105 2056 adesse
1117 2003 1205 2065 sentit,
1220 2004 1280 2069 258.

773 2074 927 2127 Umbratiles
951 2072 1086 2144 quomodo
1110 2072 1318 2128 Homericomm

804 2161 914 2197 sensum
928 2151 1110 2214 assequantur,
1122 2161 1148 2195 x.
1160 2154 1220 2211 147.

772 2214 872 2267 Umbra
890 2223 1059 2267 mortuorum
1075 2213 1204 2282 lhagicae,
1225 2231 1317 2267 earum

802 2284 877 2346 ratio,
897 2285 951 2336 xxi.
971 2284 1120 2353 403-408.
1158 2300 1206 2334 cur
1221 2302 1237 2336 a
1255 2284 1316 2337 Vir·

801 2353 865 2421 gilio
896 2371 958 2406 curn
987 2354 1081 2407 avibus
1111 2363 1316 2421 componantur,

801 2424 892 2476 xxxix.
919 2437 978 2494 792.
1024 2442 1056 2477 ex
1079 2422 1176 2476 umbra
1200 2422 1315 2477 Poeseos

802 2493 866 2563 quid
879 2493 911 2547 de
923 2495 981 2563 ipsa
993 2494 1142 2556 doceamur,
1153 2494 1244 2546 xxviii.
1252 2494 1314 2562 562.

770 2563 894 2616 Voluntas
917 2565 1058 2617 hominum
1079 2564 1169 2626 libera,
1195 2563 1315 2618 Homero

796 2633 893 2702 judice,
907 2653 949 2687 xv.
964 2634 1024 2686 262.

768 2702 927 2771 Voluptariis
944 2704 1052 2773 negabit
1071 2721 1135 2757 suos
1153 2704 1249 2757 odores
1266 2723 1314 2756 na-

799 2780 867 2835 tura,
880 2773 951 2826 xxxi.
965 2774 1025 2840 645.

769 2843 893 2911 Voluptas
905 2862 1027 2966 quaenam
1040 2843 1074 2896 sit
1083 2843 1188 2911 proprie
1197 2843 1313 2907 Poetica,

800 2931 907 2982 quaeren
926 2932 982 2977 um,
1001 2915 1018 2967 i.
1039 2915 1064 2966 8.
1101 2915 1259 2981 proponitur
1281 2915 1314 2967 de

800 3000 830 3035 ea
842 3001 870 3036 11
881 2987 1039 3054 conjectura,
1049 2983 1111 3035 ibid.
1123 3000 1164 3035 11.
1183 2984 1314 3052 probatur

799 3071 829 3106 ea
840 3062 899 3106 tum
912 3073 926 3107 e
939 3054 1073 3107 communi
1086 3071 1216 3117 sermone,
1230 3055 1255 3106 ii.
1271 3072 1313 3120 14.

798 3133 857 3176 tum
875 3142 907 3176 ex
924 3125 1048 3194 opinione
1065 3142 1224 3193 magnorum
1241 3125 1313 3177 viro·

797 3211 866 3256 rum,
879 3195 914 3246 iv.
927 3212 971 3260 41.
1001 3203 1060 3247 tum
1072 3212 1105 3246 ex
1117 3194 1181 3262 ipsis
1200 3195 1312 3262 origini-

797 3263 848 3316 bus
861 3265 924 3317 artis
938 3265 1054 3334 poeticae,
1067 3264 1109 3330 46,
1123 3265 1171 3316 &a
1200 3265 1312 3334 quinam

797 3334 938 3387 hominurn
959 3353 1016 3388 eam
1036 3334 1150 3387 maxime
1170 3333 1312 3388 adamave-

797 3404 859 3467 rint,
880 3420 923 3474 53.
955 3423 1008 3475 quo
1031 3404 1127 3457 damno
1149 3422 1179 3455 ea
1203 3406 1260 3457 sola
1282 3406 1310 3458 in

799 3474 875 3527 Poesi
888 3485 1030 3545 quaeratur,
1043 3475 1105 3526 xxii.
1118 3491 1179 3539 414.
1199 3476 1311 3542 ponitur

797 3545 928 3613 praecipue
940 3545 968 3597 in
987 3562 1082 3598 arcano
1096 3543 1228 3597 Poematis
1247 3563 1310 3598 sen-

798 3632 838 3676 su,
863 3633 924 3684 419.
961 3616 994 3668 ab
1024 3614 1133 3668 auribus
1163 3615 1191 3666 in
1215 3618 1310 3668 oculos

797 3688 923 3738 translata
933 3685 1071 3755 Sophoclis
1081 3694 1208 3752 tempore,
1217 3686 1309 3738 xxviii.

796 3755 857 3823 580.
886 3773 901 3808 a
929 3755 1052 3809 Lucretio
1076 3754 1200 3816 fastidita,
1225 3774 1309 3808 xxxv.

813 3841 856 3878 01.

764 3837 854 3947 Voiaer
866 3895 894 3948 in
906 3896 987 3949 sulcis
1000 3896 1115 3958 relictus,
1131 3895 1230 3947 xxxvii.
1246 3908 1309 3966 749.

759 3963 948 4035 ’Υπεχώρησεν,
967 3967 1023 4036 ejus
1048 3966 1122 4019 verbi
1146 3965 1216 4035 apud
1243 3966 1309 4019 Pirr-

795 4034 889 4087 darum
903 4037 953 4099 vis,
966 4036 1037 4089 xxvi.
1051 4051 1112 4106 537.

758 4103 925 4175 ’Υπέρμορο1,
950 4107 1007 4176 ejus
1037 4109 1109 4160 vocis
1141 4106 1310 4175 significati0,

794 4193 838 4228 xv.
853 4176 913 4229 260.

759 4244 914 4314 Ὑποκριταὶ,
928 4246 1036 4315 quinam
1050 4246 1191 4300 Poetarum
1211 4264 1313 4301 vocan-

795 4315 823 4368 di
835 4317 897 4377 sint,
911 4318 947 4368 xl.
960 4317 1021 4384 817.

757 4384 926 4454 Ὑπωροφιάι,
939 4385 1003 4457 quid
1017 4386 1155 4455 significet,
1169 4405 1232 4440 xxv.
1246 4404 1312 4470 509.

763 4455 893 4509 Utilitatis
911 4474 1013 4520 norma,
1027 4458 1111 4509 aliena
1123 4476 1139 4509 a
1152 4456 1238 4521 Poesi,
1253 4461 1313 4512 xiii.

793 4541 854 4580 220.
