2768 4876
129 326 321 377 rum-xxo.
381 298 953 375 Εαιαᾶιίνιοοωυωῐαωιωιοοιαι.
1117 297 1182 366 428

128 474 283 551 nifloina
335 479 459 551 Habet
476 481 620 571 quidem
641 479 746 571 primi
766 476 929 548 carminis
949 474 1092 545 initium
1109 470 1182 544 rim

129 595 306 686 quandam
333 613 433 665 suam
455 593 691 688 provocandi:
729 592 888 663 Noctem
915 589 1082 661 videlieet
1107 612 1183 660 ma·

130 716 224 779 trem
251 708 434 800 appellant
460 707 688 790 Eumenides,
709 729 756 777 ne
782 705 861 776 Diis
882 705 1093 796 junioribus,
1121 724 1183 798 pa·

130 839 283 917 rumque
300 825 442 907 severis,
459 825 551 894 sinat
568 841 628 893 eas
644 820 797 892 ludibrio
813 821 890 891 fieri
900 831 929 890 a

341 956 731 1033 μᾶῗφᾶμᾝκῗρἳνῶμᾶῗφ

342 1041 737 1116 νὺξ,ἄλαοῑσινκαὶδεδορκόσι
845 1122 848 1125 Δ

316 1126 319 1131 ’
341 1133 441 1197 ποίναν,
455 1132 536 1188 ow.
563 1135 579 1186 d
591 1136 690 1189 Λατοῦς
700 1133 752 1204 yde
764 1128 811 1188 ἶνις
821 1131 848 1201 μ’
861 1130 952 1202 ἄτιμον
962 1128 1060 1201 τίθησι.

129 1251 271 1333 Deinde
289 1258 429 1345 donent,
446 1264 498 1332 ita
517 1263 695 1355 pertinere
718 1284 822 1333 suum
847 1284 977 1332 munus
997 1263 1042 1333 od
1062 1255 1182 1334 omnia

129 1377 271 1460 saeoula,
288 1395 481 1470 omnesque·
506 1378 676 1471 regiones,
693 1386 736 1447 ut
754 1397 797 1447 eo
814 1385 936 1447 tamen
958 1395 1076 1448 carere
1101 1399 1181 1470 pos-

129 1492 174 1563 sit
190 1508 415 1585 quaeeunque
431 1493 577 1563 tandem
594 1493 663 1563 erit
680 1493 804 1565 civitas
823 1493 991 1564 immunis
1008 1492 1180 1565 saelorum

128 1615 238 1699 atque
254 1607 454 1678 criminissr

340 1739 417 1815 τοῦτο
429 1735 480 1806 γὰρ
492 1729 575 1806 λάχος
586 1725 701 1790 διανταία

339 1820 407 1892 μοῖρ’
421 1821 569 1877 ἐπέκλωσεν
581 1821 696 1892 ἐμπέδως
706 1823 784 1894 ἔχειν,
797 1819 897 1878 θνατῶν

340 1909 426 1961 τοῖσιν
437 1907 586 1979 αὐτουργίαι
598 1907 767 1978 ξυμπέσωσιν
776 1910 888 1979 μάταιοι,

340 1994 536 2065 τοῖςὸμορτεῖν.

127 2115 238 2185 Porro
263 2116 403 2187 disertis
427 2118 542 2188 verbis
565 2127 725 2216 eutorres
751 2140 789 2187 se
813 2117 971 2186 fatentur
995 2110 1041 2186 ab
1066 2109 1180 2209 epulis

127 2238 164 2299 et
193 2252 215 2300 a
245 2226 343 2302 ouria
373 2230 589 2323 Superorum
622 2224 792 2313 Deorum,
821 2246 938 2322 neque
968 2224 1042 2299 ullo
1072 2230 1180 2300 modo

126 2344 389 2415 communicare
406 2365 467 2416 eos
484 2363 606 2416 secum
623 2345 680 2416 vel
697 2345 848 2415 honores
864 2344 921 2414 vel
938 2338 1129 2429 consilia&

338 2480 517 2561 γιγνομέναισι
528 2481 598 2552 λάχη
610 2470 665 2535 τάδ’
678 2469 721 2553 ε’φί
733 2479 793 2551 ὅμιν
805 2481 922 2550 ε’κράνθη··’

337 2565 472 2621 ἀθανάτων
482 2564 505 2620 δ’
517 2566 625 2636 ἀπέχειν
635 2567 723 2637 χέρας·
742 2566 803 2621 οὐδὲ
814 2567 854 2622 τίς
866 2567 925 2621 ε’στι

339 2651 482 2722 ξυνδαίτωρ
493 2653 649 2721 μετάκοινος·

336 2737 489 2793 παλλεύκων
501 2739 530 2793 δὲ
540 2739 647 2794 πέπλων
658 2732 807 2812 ἇπόμοιρος,
819 2733 931 2811 ἅκληρος
942 2730 1060 2812 ε’τόχθονι

176 2863 371 2953 Postquam
398 2869 520 2932 autem
543 2887 587 2933 eo
606 2865 683 2954 jam
707 2874 852 2934 rentum
876 2875 942 2947 est,
959 2877 1001 2935 ut
1018 2866 1176 2936 Deorum

126 2994 266 3069 quoque
280 2998 385 3046 eausa
402 2977 640 3068 permittatur,
654 2978 738 3069 ipsis
752 2980 962 3063 volentibus,
974 2980 1177 3051 mortalium

125 3092 279 3174 arbitrio,
297 3114 343 3161 ne
362 3099 441 3160 tum
460 3092 604 3183 quidem
622 3089 840 3166 Eumenides
857 3095 947 3165 ullas
967 3088 1033 3165 sibi
1058 3105 1177 3188 partes

125 3206 313 3289 vindicare,
334 3215 465 3298 praeter
494 3220 553 3278 eas
579 3231 660 3299 quae
690 3211 735 3279 ad
765 3209 936 3280 ultionem
963 3225 1175 3303 poenamque

124 3321 314 3412 pertinent
386 3320 507 3392 Priore
545 3322 722 3394 cantilena
757 3326 979 3415 jactaverant
1020 3326 1174 3396 officium

125 3436 424 3526 oetemaquadam
441 3436 521 3530 lege
539 3438 707 3509 divinitus
726 3441 791 3510 sibi
809 3440 988 3523 delatum3
1014 3441 1072 3512 hio
1089 3464 1176 3533 que·

124 3559 260 3632 runtur,
286 3573 358 3620 non
388 3543 529 3620 facilem
563 3553 639 3623 fore
665 3555 853 3645 jacturam,
880 3556 1019 3627 sublato
1051 3577 1173 3627 earum

118 3664 199 3754 jure
216 3666 262 3735 de
279 3663 385 3734 rebus
402 3665 565 3737 humanis
576 3677 597 3736 ¹.

333 3803 379 3855 νῦν
387 3802 566 3872 καταστροφαὶ
578 3806 640 3857 νεῶν
652 3803 790 3873 θεσμίων..
802 3840 827 3860 ..-

332 3888 430 3944 πάντας
441 3889 489 3958 ἤδη
500 3888 554 3943 τόδ’
567 3890 644 3960 ἔργον
656 3892 771 3962 εὐχερείᾳ
784 3895 942 3963 συναρμόσει
952 3888 1083 3961 βρόταυς.ι
1093 3928 1100 3946 ι
1111 3932 1117 3947 .
1128 3927 1135 3948 ι

332 3973 393 4024 οὕτε
403 3971 455 4043 γὰρ
466 3969 655 4043 βροτοσκόπων

331 4056 460 4125 μαινάδων
470 4057 544 4112 τῶνό
557 4059 671 4131 όφέρψει
683 4062 758 4117 κότος
769 4075 808 4118 τις
819 4062 961 4133 ἐργμάτων*

331 4141 511 4214 πάντ’έφὴσω
521 4148 611 4216 μόρον.

155 4281 336 4362 ’ποιμα
433 4294 609 4389 ιιιυγὸὅ.
705 4299 872 4371 ruu34a
963 4293 1132 4373 wltawa.
