2768 4876
167 318 231 382 728
237 318 398 382 Homerico
403 320 530 404 pictura
540 342 605 383 com
616 320 793 406 err‘liaaa
805 323 1208 407 componiturraarnxxxvr.

165 487 237 557 lare
254 491 428 579 quoddam
448 514 488 559 ac
510 492 708 582 proprium:
734 515 824 561 neve
842 492 954 578 (verbi
972 501 1091 583 eausa)
1110 502 1211 585 petu-

165 601 240 671 lans
270 603 418 694 quilibet
441 605 593 695 juveuis‚
624 614 685 674 aut
715 629 806 674 uxor
835 607 972 696 pudica,
1001 621 1064 676 aut
1094 609 1211 700 regius

165 720 274 786 intret
300 741 418 800 senen,
437 720 497 788 sed
526 719 661 789 Paridis
687 722 794 811 ipsius
819 745 976 812 persona,
995 722 1049 790 vel
1071 721 1212 792 Andro-

164 833 308 914 machae,
327 834 383 904 vel
401 833 542 904 Priami.

217 946 365 1017 Homeri
384 950 459 1019 laus
477 950 654 1020 excellens
669 961 706 1020 et
724 975 861 1021 summa
874 951 1064 1022 delectatio
1082 953 1120 1021 in
1138 975 1212 1020 mo-

165 1063 261 1132 ribus
281 1064 427 1134 heroum
446 1066 531 1135 etin
550 1067 688 1136 actione
706 1069 857 1157 ponitur.
911 1067 1045 1137 Locum
1068 1089 1210 1136 omnem

166 1180 210 1248 de
228 1203 307 1249 rure
327 1203 368 1249 ac
387 1180 527 1250 Natura
551 1190 679 1251 tractat
705 1182 765 1251 ille
783 1184 922 1274 quidem
943 1184 1133 1266 uberrime,
1152 1182 1212 1252 sed

166 1319 209 1364 eo
226 1296 353 1377 animo,
371 1304 412 1364 ut
435 1319 573 1388 semper
595 1308 755 1367 actorum
773 1307 889 1388 partes
906 1309 944 1368 et
961 1299 1090 1392 agendi
1108 1299 1214 1368 ratio-

166 1431 247 1478 nem
266 1408 345 1479 luce
362 1409 479 1501 aliqua
497 1412 615 1481 donet.
667 1412 819 1506 Virgilio
837 1425 914 1482 tum
934 1415 1077 1483 demum
1096 1412 1213 1505 placet

166 1527 319 1595 narratio
343 1549 414 1606 sua,
433 1550 514 1595 cum
536 1529 572 1596 in
597 1527 673 1597 loco
693 1528 810 1620 aliquo
828 1539 987 1598 versatur
1009 1529 1212 1599 amoeniore.

167 1640 235 1711 llle
252 1651 396 1740 propter
415 1642 575 1713 homines
590 1643 736 1713 flumina
752 1669 792 1714 ac
810 1645 932 1736 sylvas,
948 1645 1007 1714 hic
1025 1645 1212 1714 fluminum

168 1781 208 1827 ae
232 1757 406 1851 sylvarum
434 1759 546 1850 gratia
569 1761 668 1850 ponit
696 1760 779 1843 fata,
806 1783 989 1852 moresque
1017 1761 1213 1830 hominum.

168 1873 258 1942 Cum
274 1872 423 1943 Homeri
441 1876 622 1943 mentione
639 1885 824 1944 recumunt
841 1874 935 1945 illico
954 1878 1127 1968 imagines
1145 1899 1214 1945 uon

169 1989 307 2059 Xanthi
332 2014 373 2059 ae
400 1989 603 2074 Simoentis,
622 2015 737 2082 neque
763 1991 874 2060 litoris
892 1992 1015 2073 Troici,
1034 1993 1096 2062 sed
1123 1993 1215 2084 ipsc·

168 2130 245 2175 rum
265 2104 484 2183 bellantium,
503 2104 663 2187 Achillis,
683 2104 860 2188 Hectoris,
878 2114 1101 2177 caeterorum.
1155 2106 1214 2176 Illi

169 2229 302 2299 contra,
325 2241 411 2309 quos
432 2217 575 2310 Virgilii
596 2219 700 2309 juvat
727 2221 906 2301 memoria,
928 2222 1137 2313 cogitabunt
1162 2221 1215 2290 ul-

169 2345 224 2402 tro
251 2334 295 2402 de
322 2333 424 2401 litore
447 2332 564 2423 aliquo
591 2332 647 2400 vel
667 2332 822 2414 flumine,
845 2335 888 2403 de
912 2333 997 2404 locis
1022 2335 1097 2404 sive
1123 2335 1215 2404 laetis

170 2471 230 2518 seu
255 2449 492 2528 sacrosanctis,
511 2471 660 2539 quorum
686 2447 746 2517 ille
770 2450 944 2540 picturam
970 2450 1120 2521 heroicis
1145 2452 1216 2521 suis

169 2562 365 2632 admiscuit.
419 2560 541 2652 Atque
564 2563 600 2630 in
621 2562 687 2631 hac
713 2585 750 2630 re
774 2564 1066 2646 consentientem,
1084 2572 1126 2632 ut
1144 2565 1218 2656 opi-

170 2702 243 2759 nor,
265 2701 403 2746 mecum
433 2677 570 2746 habebo
599 2677 796 2769 elegantem
824 2677 919 2746 illam
948 2678 1131 2747 Pictorum
1157 2703 1218 2749 ua-

172 2793 316 2860 tiouem.
364 2792 543 2860 Nimirum
563 2793 621 2882 qui
641 2815 686 2860 ex
706 2793 864 2860 Homero
882 2793 1066 2861 materiam
1085 2816 1218 2863 sumse-

172 2917 265 2990 runt,
283 2931 382 2999 reges
399 2907 606 2999 plerumque
624 2916 661 2975 et
679 2906 796 2996 praelia
812 2906 1017 2997 nobilesque
1035 2907 1216 2977 foeminas:

173 3025 232 3115 qui
260 3022 464 3115 eVirgilio,
489 3045 570 3090 rura
597 3023 796 3112 pinxerunt,
826 3023 1001 3090 montium
1029 3021 1217 3102 anfractus,

173 3160 342 3227 aquarum
368 3136 494 3228 lapsus,
516 3137 627 3205 nubes
650 3135 831 3216 coloratas,
850 3144 976 3204 caetera
993 3137 1123 3216 omnia,
1142 3159 1218 3227 quae

174 3251 215 3318 ad
239 3250 382 3318 tacitam
410 3252 589 3341 pertinent
613 3250 798 3318 Naturam.
852 3249 952 3317 Num
979 3250 1015 3316 in
1041 3251 1139 3317 omni
1160 3249 1219 3317 AE-

174 3365 276 3433 neide
300 3365 439 3456 gravius
457 3365 703 3454 quiddamaut
720 3373 839 3433 actum
858 3373 912 3434 est
930 3373 992 3432 aut
1013 3364 1071 3455 agi
1091 3365 1220 3454 potuit,

175 3504 280 3571 quam
310 3482 443 3571 primus
470 3480 590 3548 AEneae
621 3503 703 3549 cum
733 3481 804 3549 suis
833 3479 990 3570 Trojanis
1023 3480 1069 3547 ad
1101 3478 1219 3549 littora

177 3596 384 3666 Latinorum
402 3596 591 3686 appulsus?
614 3581 705 3665 >num
724 3606 799 3665 erat
816 3597 876 3665 ubi
895 3596 1037 3664 liberius
1055 3598 1220 3686 spatiare-

176 3723 235 3781 tur
256 3713 315 3802 qui
342 3712 536 3779 decreverit
562 3712 691 3780 imitari
717 3733 772 3780 res
797 3722 914 3803 gestas
940 3733 1136 3802 regumque
1161 3712 1221 3779 du-

177 3851 339 3918 cumque,
352 3829 423 3897 sive
441 3826 541 3919 stylo,
557 3850 618 3896 seu
637 3826 776 3917 liquidis
791 3825 988 3894 coloribus?
1014 3826 1075 3894 sed
1092 3834 1221 3908 tamen,

178 3946 237 4035 qui
256 3966 334 4011 eam
352 3965 426 4011 rem
440 3944 621 4033 expressit,
640 3943 797 4011 eruditus
815 3964 897 4010 saue
915 3942 1038 4031 pictor,
1055 3940 1222 4011 Claudius

180 4059 438 4150 Lotlraringius‚
457 4081 608 4137 omnem,
627 4059 680 4126 uti
706 4059 826 4138 nostis,
845 4079 987 4148 operam
1008 4056 1094 4146 poni
1113 4054 1222 4124 voluit

179 4176 215 4249 in
233 4175 315 4264 ipsis
334 4174 489 4243 locorum
507 4173 823 4243 amoenissimorum
843 4173 987 4242 deliciis
1041 4170 1172 4262 Neque
1188 4170 1222 4238 id
