2768 4876
179 349 268 391 eran.
279 351 415 393 xxxvrn.
442 331 550 395 Adesse
564 333 674 408 Derim,
691 331 874 394 Lucretiam
887 353 946 394 aon
953 331 1073 415 feram.
1162 333 1225 399 779

178 509 371 570 monstrato
411 503 519 571 etiam
564 503 708 571 Romuli
749 502 840 585 luco,
876 504 1033 593 sacrique
1068 500 1223 594 Argileti

176 639 345 698 nemore;
398 619 591 709 imponitur
640 621 908 712 augustissimus
955 621 1125 688 universae
1173 619 1223 687 rei

177 732 367 802 cumulusr.

318 863 391 916 Hinc
403 864 437 917 ad
449 864 588 933 Tarpeiam
601 865 691 918 sedem
704 874 730 918 et
743 865 874 935 Capitolia
883 865 964 929 ducit,

316 950 405 1004 Aurea
417 969 498 1013 nunc,
512 951 576 1004 olim
588 952 761 1022 sylvestribus
774 951 882 1005 horrida
894 952 991 1005 dumis.

316 1037 333 1090 J
336 1055 379 1090 arn
392 1046 450 1090 tum
463 1037 555 1107 religio
568 1037 677 1107 pavidos
690 1038 804 1092 terrebat
816 1046 933 1108 agrestes

316 1123 383 1176 Dira
391 1124 459 1177 loci:
476 1125 603 1193 jamtum
617 1126 718 1194 sylvam
731 1142 878 1195 saxumque
888 1123 1044 1177 tremebant.

316 1209 378 1263 Hoc
390 1228 494 1273 nemus,
507 1210 589 1273 hunc,
604 1211 698 1281 inquit,
711 1210 839 1264 frondoso
851 1211 948 1264 vertice
960 1212 1063 1273 collem,

315 1295 384 1353 Quis
397 1295 462 1350 deus
474 1297 605 1350 incertum
618 1305 667 1359 est,
679 1296 780 1350 habitat
794 1296 876 1351 deus:
896 1296 1014 1350 Arcades
1026 1298 1115 1367 ipsum

316 1380 436 1434 Credunt
449 1399 476 1434 se
490 1382 587 1435 vidisse
598 1383 615 1436 J
618 1400 703 1447 ovem,
717 1401 779 1436 cum
792 1401 862 1453 saepe
874 1385 1024 1454 nigrantem

313 1467 413 1538 AEgida
425 1477 576 1522 concuteret
589 1469 689 1532 dextre,
703 1468 862 1540 nimbosque
874 1471 960 1523 cieret.

222 1599 423 1683 Videtisne,
442 1623 511 1690 quo
529 1599 652 1669 tendat
677 1599 790 1669 omnis
813 1599 874 1669 illa
897 1622 1106 1692 magnorum
1131 1600 1220 1669 Poe-

172 1725 289 1784 tamm
324 1716 368 1785 de
403 1716 488 1785 loeis
523 1716 745 1785 nominandis
775 1715 924 1808 religio?
968 1739 1038 1806 quo
1073 1716 1217 1784 tandem

171 1830 357 1900 claudatur
395 1831 525 1900 exitu?
570 1831 711 1922 Nempe
746 1833 969 1901 cordatorum
1010 1832 1218 1922 piorumque

171 1946 353 2016 hominum
375 1946 521 2038 judicio,
541 1946 638 2016 nullo
666 1971 736 2017 non
766 1947 802 2015 in
830 1947 960 2040 angulo
986 1948 1079 2015 orbis
1105 1946 1218 2016 aderit

171 2063 265 2155 quod
299 2073 361 2132 aut
395 2046 618 2132 oonrmo'veat
652 2072 715 2132 aut
749 2063 905 2132 mulceat
939 2063 1075 2131 animos
1114 2085 1217 2150 sensu

170 2179 288 2271 aliquo
315 2180 513 2249 diviniore:
542 2202 646 2270 quem
674 2179 734 2269 qui
761 2179 928 2248 facillime
953 2187 990 2247 et
1012 2179 1147 2269 optime
1164 2203 1218 2248 ar-

169 2297 283 2388 ripere
313 2294 463 2377 noverit‚
490 2297 519 2364 is
545 2293 704 2386 profecto
731 2317 820 2363 verae
841 2295 991 2363 Poeseos
1013 2295 1122 2386 gradu
1146 2318 1216 2362 non

169 2410 370 2481 humillimo
389 2413 525 2503 potitus
543 2419 607 2480 est.

217 2527 305 2597 Tam
325 2529 445 2617 itaque
463 2550 508 2595 ex
526 2526 592 2595 hac
610 2534 720 2617 parte,
739 2548 844 2617 quam
864 2548 909 2592 ex
927 2525 987 2593 illa
1005 2524 1126 2607 altera,
1140 2550 1216 2618 quae

168 2642 324 2733 pertinet
350 2642 393 2710 ad
420 2640 568 2709 affectus
594 2650 630 2709 et
658 2641 775 2709 studia
799 2639 992 2721 hominum,
1016 2641 1105 2708 miro
1129 2664 1215 2731 quo-

168 2758 249 2827 dam
264 2756 449 2826 intervallo
464 2756 652 2825 distinetur
661 2755 834 2848 Virgilius
848 2778 868 2823 a
881 2753 1057 2823 Lucretio.
1086 2753 1215 2847 Neque

167 2873 370 2942 immerito:
398 2894 478 2940 eum
506 2872 609 2939 unius
631 2871 860 2960 ejusdemque
878 2869 982 2960 plane
1006 2870 1052 2938 sit
1078 2871 1214 2964 indolis,

167 2989 224 3057 vel
255 2987 400 3057 humani
432 2986 519 3055 nihil
551 3010 571 3054 a
602 3009 639 3055 se
669 2985 824 3054 alienum
855 2994 992 3076 putare,
1024 2984 1079 3054 vel
1112 2986 1216 3077 plena
1277 2999 1280 3004 ’

169 3105 325 3197 vestigiis
351 3104 535 3172 hominum
554 3101 631 3171 loca
650 3124 731 3171 oum
750 3123 868 3170 amore
886 3100 1038 3191 quodam
1058 3110 1215 3170 contem-

169 3221 267 3313 plari.
318 3218 493 3289 Versatur
518 3225 639 3286 autem
666 3217 831 3308 utrinque
858 3240 931 3308 prae
959 3216 1068 3285 oeulis
1095 3218 1213 3296 animi,

168 3335 354 3425 tacitisque
372 3333 523 3403 stimulis
541 3341 644 3425 urget
663 3340 699 3401 et
718 3333 832 3424 erigit,
850 3332 1094 3425 gravissimum
1113 3332 1210 3414 illud,

167 3447 443 3520 AdesseDeam:
467 3456 596 3539 praesto
608 3471 683 3517 esse
691 3446 776 3517 Vim
791 3448 944 3539 aliquam
958 3471 1028 3516 non
1040 3449 1213 3518 infinitam

167 3568 273 3636 modo
309 3573 345 3634 et
380 3565 598 3645 immensam,
634 3586 755 3632 verum
792 3563 899 3632 etiam
936 3587 1070 3655 aequam
1101 3566 1213 3647 nobis,

167 3691 349 3752 curantem
374 3688 501 3748 nostra.
555 3679 672 3762 Quem
695 3701 835 3748 sensum
863 3681 923 3770 qui
946 3702 1027 3749 cum
1047 3679 1212 3749 Lucretio

166 3819 228 3866 seu
247 3793 401 3886 perferre
418 3804 600 3885 nequeunt
619 3817 681 3863 seu
706 3794 876 3874 confiteri,
897 3793 1072 3863 Naturam
1092 3803 1212 3863 tamen

165 3935 284 3982 amore
320 3934 390 3980 nou
420 3911 503 3980 licto
538 3918 807 4001 prosequuntur,
838 3910 875 3978 hi
904 3909 1009 3978 simul
1037 3919 1144 4000 atque
1175 3933 1212 3979 se

164 4029 349 4119 injecerint
371 4028 407 4095 in
429 4050 554 4095 aroana
578 4027 653 4116 ejus
676 4049 716 4095 ac
741 4024 923 4117 profunda,
942 4024 1106 4095 lubentes
1125 4026 1212 4094 obli-

164 4144 347 4214 viscuntur
370 4151 406 4212 et
428 4143 584 4211 locorum
609 4143 768 4210 omnium
792 4150 829 4210 et
848 4141 1045 4224 homiuum,
1063 4165 1107 4211 ne
1127 4142 1211 4212 talia

585 4345 592 4367 ¹
611 4337 678 4389 AEn.
691 4337 717 4390 8.
731 4349 792 4405 347.
