2768 4876
157 316 251 358 rann.
264 316 355 358 xxix.
400 294 554 359 caladiam
568 304 668 359 tameo
683 296 900 360 mmmmm
913 295 1025 361 tolero.
1146 301 1207 368 591

159 466 464 559 reprehendantur
487 467 604 559 magni
629 466 835 558 scriptores:
861 466 944 554 uolo
964 467 1085 536 statim
1103 467 1211 537 confi-

161 583 247 653 dant
275 582 447 663 homines,
468 591 591 673 patere
618 582 683 651 sibi
708 582 818 652 semel
844 583 1112 673 inspicientibus
1136 607 1211 652 om·

162 720 240 768 nem
261 696 422 789 praeclari
439 697 612 788 poematis
628 698 814 767 rationem.
863 696 948 767 Nou
966 701 1061 768 enim
1079 699 1210 781 statim,

163 835 242 904 quae
260 835 320 880 me
339 811 395 881 vel
416 821 454 883 te
470 812 644 894 fefellerit,
663 812 837 882 surdiores
854 812 1011 895 fortasse,
1028 812 1126 882 nulla
1143 813 1211 883 erit

162 927 355 998 harmonia.
409 927 575 1019 Exempli
610 927 688 997 loco
718 928 764 997 sit
797 927 859 996 illa
888 928 1073 1009 cantilena,
1105 951 1210 1019 quam

163 1046 313 1134 primam
339 1044 435 1113 canit
461 1043 587 1113 chorus
613 1044 649 1113 in
672 1041 834 1127 Hecuba,
861 1066 930 1134 qua
955 1043 1004 1112 nil
1032 1043 1136 1114 facile
1159 1045 1212 1113 in-

163 1161 283 1229 venias
300 1183 415 1250 nequc
432 1160 470 1228 in
487 1182 524 1229 se
542 1158 689 1240 dulcius,
707 1182 822 1250 neque
847 1156 924 1228 loco
947 1160 1064 1229 minus
1087 1182 1212 1252 oppor-

164 1282 303 1343 tunum.
356 1275 498 1366 Nempe
515 1275 658 1344 arrectis
675 1296 755 1343 cum
782 1274 937 1343 maxime
960 1275 1086 1343 animis
1109 1296 1212 1366 prop-

164 1398 219 1458 ter
248 1389 495 1459 imminentem
524 1389 714 1483 Polyxenae
742 1391 884 1471 caedem,
914 1388 1065 1460 Hecuba
1094 1412 1211 1460 coram

164 1504 263 1575 humi
274 1507 429 1596 jacente,
438 1505 599 1596 juvenile
613 1506 732 1576 nescio
743 1506 827 1597 quid
842 1506 993 1598 virgines
1008 1506 1211 1575 effundunt:

164 1621 336 1691 mirantur
349 1624 464 1704 modo,
480 1646 566 1713 quas
583 1623 728 1691 tandem
741 1622 778 1691 in
792 1645 868 1692 oras
880 1621 1025 1692 Graeciae
1038 1623 1109 1692 sint
1125 1622 1211 1713 ipsas

164 1736 199 1805 in
216 1737 428 1807 servitutem
443 1739 591 1808 abiturae
601 1733 620 1806 ¹.

410 1884 484 1951 αὔρα,
496 1882 601 1937 ποντιὰς
614 1884 688 1950 αὔρα,

407 1967 453 2022 ὅτε
464 1970 641 2039 ποντοπόρους
653 1967 762 2036 κομίζεις

411 2054 472 2110 θοὰς
483 2055 592 2110 ἀκάτους
604 2053 643 2107 ἐπ’
655 2051 732 2121 οἶδμα
743 2052 843 2122 λίμνας,

410 2143 456 2195 ποῖ
466 2163 498 2210 με
510 2141 557 2195 τὰν
568 2139 663 2209 μελέαν
674 2139 828 2208 neptricum

168 2277 314 2369 Ecquid,
332 2278 486 2359 obsecro,
502 2276 556 2347 his
574 2299 656 2346 cum
675 2274 850 2345 Hecuba?
877 2276 937 2345 sed
956 2284 1075 2346 tamen
1093 2285 1130 2345 et
1148 2276 1211 2360 his,

166 2395 199 2464 ni
217 2394 331 2473 fallor,
350 2394 533 2463 excusatio
556 2415 619 2462 sua
643 2415 713 2461 non
729 2414 870 2483 prorsus
888 2392 1011 2462 deerit.
1064 2391 1158 2475 Quid
1184 2394 1213 2462 si

167 2518 311 2604 tangere
339 2509 488 2579 voluerit
523 2509 683 2600 Scriptor
712 2531 901 2577 commune
935 2506 1023 2575 illud
1054 2509 1212 2576 omnium

166 2624 277 2694 ferme
307 2625 520 2706 mortalium,
547 2625 641 2714 quod
671 2625 707 2692 in
737 2624 941 2716 gravissima
970 2623 1212 2714 proximorum

166 2740 273 2809 etiam
301 2739 400 2810 clade
426 2740 497 2809 suis
523 2749 643 2809 tamen
661 2748 788 2808 vacent
806 2739 907 2819 curis,
926 2746 962 2806 et
984 2737 1120 2807 levibus
1137 2739 1213 2829 qui-

166 2853 271 2924 dem?
324 2854 417 2937 Quid
444 2855 473 2924 si
501 2854 608 2923 fessas
634 2853 733 2922 fatali
764 2855 893 2922 nuncio
920 2874 1021 2922 aures
1050 2874 1213 2922 revocare

165 2968 341 3061 paulisper
358 2970 553 3039 decreverit
576 2971 613 3038 iu
639 2968 891 3059 tranquilliora,
910 2991 979 3059 quo
1003 2968 1074 3037 ritu
1092 2976 1213 3037 amant

164 3082 345 3153 interdum
363 3082 541 3154 Homerus
567 3094 605 3154 et
627 3083 809 3153 Homerici
835 3084 952 3152 media
974 3084 1067 3152 inter
1092 3082 1214 3175 praelia

165 3197 433 3268 similitudinem
459 3201 636 3291 quandam
664 3198 798 3280 afferre,
816 3223 893 3289 quae
918 3200 1053 3268 animos
1079 3199 1213 3267 reficiat

165 3314 335 3383 memoria
352 3336 414 3383 seu
431 3317 519 3385 ruris
541 3316 616 3383 sive
640 3314 825 3406 sylvarum,
844 3314 916 3383 sive
934 3316 1042 3383 etiam
1064 3314 1212 3405 placidae

165 3436 200 3497 et
218 3429 340 3498 otiosae
358 3429 462 3500 vitae?
502 3429 596 3512 Quid
615 3429 796 3520 quaeritis?
824 3431 861 3496 in
879 3429 1079 3519 hujusmodi
1101 3432 1213 3500 causis

164 3544 273 3613 etiam
299 3555 406 3634 atque
432 3546 541 3614 etiam
562 3545 763 3625 videndum,
782 3567 827 3613 ne
853 3554 914 3613 aut
940 3568 1124 3637 personam
1151 3545 1214 3615 ali-

165 3681 271 3750 quam
294 3658 443 3728 deceant
470 3683 511 3728 ea
537 3682 618 3750 quae
645 3660 744 3728 nobis
770 3661 911 3749 pariunt
938 3659 1129 3740 fastidium,
1151 3668 1213 3727 aut

165 3784 274 3867 gratae
293 3775 475 3866 cujusdam
493 3775 673 3844 varietatis
692 3798 775 3867 ergo
793 3774 1036 3843 adhibeantur.

214 3887 353 3960 Verum
379 3901 420 3958 ut
443 3889 517 3960 haec
544 3889 695 3981 plurima
718 3912 816 3958 suam
842 3890 1082 3976 defensionem
1105 3888 1212 3957 habe-

167 4013 236 4088 ant,
254 4005 369 4074 fateor
394 4014 514 4075 tamen
541 4006 623 4074 inde
649 4006 814 4097 mitigari,
840 4027 911 4073 non
935 4004 1078 4074 omnino
1103 4001 1212 4072 deleri

524 4239 528 4245 ¹
586 4245 691 4298 clueo.
705 4263 764 4311 444.
