2768 4876
147 334 241 382 msc.
255 337 346 380 xxix.
418 316 553 398 Quorum
567 317 602 382 iu
616 340 682 382 oum
697 318 830 382 crimino
844 317 967 403 inferri.
1132 318 1197 381 585

148 491 268 560 nescio
286 491 464 581 quomodo
481 499 673 583 auguratus
690 514 767 561 sum
785 491 933 560 minime
951 513 1032 560 oum
1059 489 1101 558 iis
1122 490 1198 560 fore

149 605 406 688 collocandum,
423 607 482 696 qui
500 607 565 676 sibi
584 628 664 676 suos
682 607 798 676 fontes
816 606 998 697 explorare
1024 606 1094 674 sint
1111 608 1199 676 ausi.

149 721 271 804 Quum
297 732 428 804 autem,
446 721 629 792 illust-ratis
646 731 687 799 nt
705 723 804 813 potui
824 721 1041 813 Sophocleis,
1059 720 1200 814 Euripi-

149 837 231 907 dem
257 839 401 930 propius
427 839 555 907 intueri
582 839 775 929 coepissem,
798 837 912 907 multa
933 838 1053 907 statim
1078 862 1200 908 occur-

148 977 234 1037 rere,
246 978 329 1046 quae
346 954 551 1046 scrupulum
568 955 764 1045 injicerent,
782 977 898 1044 neque
915 954 1019 1023 facile
1035 963 1200 1044 pateren-

148 1079 207 1139 tur
232 1071 348 1138 virum
375 1071 463 1139 adeo
489 1070 672 1140 laudatum
699 1069 744 1137 de
770 1070 881 1161 gradu
907 1091 970 1137 suo
997 1069 1198 1138 detrudere.

150 1184 268 1254 Immo
295 1208 389 1267 vero,
419 1187 513 1276 quod
545 1185 636 1254 foret
664 1185 775 1254 instar
801 1185 972 1262 omnium,
1004 1185 1122 1254 nescio
1152 1208 1198 1253 an

149 1299 299 1369 dixerim
334 1301 471 1370 venisse
504 1300 592 1369 mihi
627 1301 664 1368 in
699 1309 857 1368 mentem
889 1299 988 1389 quasi
1021 1299 1197 1390 quoddam

149 1426 256 1507 caput
273 1430 311 1485 et
328 1417 499 1510 originem
518 1417 594 1507 ejus
613 1415 776 1496 Poeseos,
793 1439 855 1484 sen
882 1416 999 1505 potius
1020 1415 1118 1483 filum
1140 1438 1200 1506 vo-

150 1555 216 1613 ces,
241 1556 312 1624 quo
339 1533 560 1602 deducantur
582 1533 648 1601 etsi
674 1555 743 1599 non
773 1531 901 1611 omnia,
928 1538 965 1598 at
994 1553 1036 1599 ea
1066 1540 1199 1611 tamen,

151 1670 229 1737 quae
263 1671 334 1740 prae
362 1647 501 1718 caeteris
527 1647 693 1739 praeclara
717 1669 758 1715 ac
784 1646 903 1714 divina
928 1645 1045 1715 habet.
1102 1646 1198 1728 Quid

150 1762 287 1832 multa?
311 1763 460 1846 decrevi,
474 1763 549 1832 fore
567 1762 713 1832 fortasse
732 1784 848 1852 operae
866 1761 1030 1852 pretium,
1044 1761 1200 1830 rationes

43 1951 47 1964 ‚
150 1877 183 1944 in
203 1886 391 1968 utramque
408 1888 552 1970 partem·
564 1877 718 1948 breviter
734 1877 969 1969 expendenti:
997 1878 1103 1945 modo
1120 1900 1200 1968 pos-

151 1992 213 2059 sinr
237 2015 280 2060 ea
301 1991 430 2062 Latino
454 2015 615 2063 sermone
638 1993 795 2082 exsequi,
814 2016 894 2084 quae
920 2000 1042 2060 niente
1065 1992 1199 2060 animo-

152 2129 218 2197 que
236 2107 357 2176 videre
374 2108 461 2177 mihi
480 2109 610 2178 videor.
663 2107 717 2177 Ut
734 2107 822 2177 nihil
839 2106 945 2188 aliud,
960 2106 1047 2175 illud
1067 2115 1198 2188 tamen,

152 2224 202 2291 uti
220 2245 333 2315 spero,
351 2225 594 2315 proficiemus;
621 2235 815 2304 occurrent,
835 2224 895 2314 qui
919 2222 987 2292 loci
1005 2222 1119 2292 solent
1137 2224 1200 2292 do-

152 2338 275 2407 minari
293 2338 330 2406 in
347 2339 518 2430 ejusmodi
533 2341 749 2431 quaestione3
774 2348 850 2408 tum
866 2362 943 2430 quae
961 2339 1109 2407 virtutes
1123 2338 1200 2429 qui-

152 2453 215 2525 bus
237 2454 332 2524 vitiis
355 2457 521 2548 conjungi
547 2457 682 2548 possint
708 2456 744 2523 in
770 2455 896 2524 eodem
922 2454 1111 2545 scriptore3
1138 2455 1199 2524 de-

152 2571 232 2641 inde
258 2594 364 2663 quam
396 2597 519 2664 pamm
550 2573 686 2654 deceat,
710 2574 899 2641 decenrere
928 2570 1059 2660 aliquid
1088 2570 1200 2661 impe-

153 2688 284 2768 riosius,
302 2711 405 2756 causa
423 2698 496 2757 tam
514 2689 671 2779 ancipiti,
690 2696 834 2778 tamque
852 2685 983 2755 subtili.

200 2802 273 2873 Sed
299 2803 343 2872 ad
370 2786 444 2872 rem
471 2804 663 2872 veniamus.
716 2803 912 2895 Peruagata
938 2812 1020 2872 sunt
1047 2825 1088 2870 ao
1114 2802 1199 2870 trita

153 2918 263 2998 valde,
290 2928 435 3009 propter
459 2941 537 3010 quae
568 2918 661 2988 male
691 2919 790 2987 audit
819 2918 1014 3009 Euripides.
1069 2917 1198 2997 Primo,

153 3034 245 3124 quod
263 3034 384 3126 inepte
402 3057 447 3102 ne
466 3035 579 3104 dicam
602 3035 726 3125 putide
744 3035 875 3103 teneris
893 3034 1000 3102 etiam
1019 3035 1201 3125 magnisve

152 3148 185 3217 in
203 3150 309 3219 rebus
326 3149 438 3219 soleat
456 3174 550 3220 nune
567 3152 698 3243 garrire
716 3173 809 3218 nuno
827 3147 1074 3240 philosophari.
1126 3150 1201 3217 De-

152 3264 232 3335 inde
250 3265 346 3357 quod
363 3266 400 3334 iu
418 3267 577 3336 Chorieis
601 3269 792 3359 praesertim
814 3266 1012 3359 languidior
1029 3267 1074 3335 sit
1092 3267 1202 3335 inter·

153 3381 235 3449 dum
262 3403 304 3450 ao
324 3380 488 3471 jejunior.
539 3381 628 3450 Tum
649 3384 742 3472 quod
767 3383 979 3450 immanibus
1003 3404 1104 3472 paene
1122 3404 1202 3471 pro-

152 3495 220 3566 bris
254 3496 451 3565 insectetur
482 3497 670 3588 aliquando
704 3521 816 3590 genus
847 3521 952 3566 omne
982 3498 1199 3566 foemineum.

153 3611 346 3693 Postremo,
364 3611 460 3702 loqui
487 3637 568 3681 eum
595 3616 695 3683 aiunt
722 3613 864 3683 liberius
886 3616 931 3683 de
953 3613 1031 3682 Diis
1057 3615 1199 3680 immor-

152 3727 292 3808 talibus,
314 3728 428 3817 deque
454 3729 549 3796 omni
574 3728 784 3820 religionum
812 3753 949 3820 genere,
978 3739 1084 3819 atque
1111 3727 1199 3797 adeo

153 3865 298 3934 peccare
328 3842 515 3934 aliquando
549 3846 585 3911 in
618 3845 801 3934 pietatem.
852 3845 1011 3926 Quorum
1040 3844 1198 3912 omnium

153 3981 192 4028 ea
209 3959 263 4027 vis
284 3966 348 4040 est,
370 3969 410 4026 ut
437 3961 495 4026 vix
520 3959 686 4029 credibile
712 3962 757 4029 sit
783 3960 893 4051 abripi
920 3978 1089 4055 generoso
1113 3981 1200 4049 quo·
1275 3974 1280 3981 ”

155 4073 233 4142 dam
251 4073 387 4164 impetu
407 4082 443 4143 et
462 4097 543 4144 vere
560 4077 712 4167 poetico,
730 4078 788 4166 qui
809 4077 1005 4144 istiusmodi
1025 4074 1137 4166 culpis
1155 4074 1202 4143 sit

157 4187 336 4257 obnoxius.
