2768 4876
166 340 260 381 111111.
273 340 384 382 xxxrx.
422 316 589 398 ἀνάμνησιν
601 317 795 382 Platonicum
803 338 876 402 prm
889 337 921 380 ao
927 316 1026 398 sarra
1149 316 1212 384 789

166 492 240 561 fieri
258 491 412 574 initium,
431 512 512 560 cum
530 490 566 559 in
584 490 651 560 hoc
668 491 801 559 nrundo
819 489 1012 560 nascimur:
1039 489 1148 557 immo
1166 511 1212 558 ex

166 608 289 699 ignota
309 607 459 696 quadam
487 607 629 698 regione
656 607 774 675 venire
800 628 858 676 eas
887 607 924 674 in
953 626 1015 675 sua
1036 626 1212 695 quamque

168 743 333 812 corpora;
371 744 487 811 neque
517 729 592 790 tam
624 722 765 812 penitus
795 719 942 789 Lethaeo
971 725 1059 810 potu
1089 717 1212 799 imbui,

168 838 253 928 quin
275 844 457 928 permanet
475 839 572 928 quasi
590 837 734 928 quidam
759 843 930 906 anteactae
955 834 1068 904 aetatis
1091 855 1211 924 sapor3

167 949 262 1018 hunc
286 957 406 1018 autem
429 950 576 1019 excitari
601 950 806 1033 identidem,
826 959 863 1018 et
880 950 997 1019 nescio
1017 971 1086 1040 quo
1110 969 1214 1017 sensu

168 1066 309 1157 percipi,
335 1066 445 1134 tacito
471 1066 614 1156 quidem
644 1066 707 1136 illo
733 1074 771 1135 et
801 1066 959 1148 obscum,
990 1064 1051 1134 sed
1080 1063 1213 1155 percipi

167 1188 299 1248 tamen.
354 1178 478 1268 Atque
513 1179 577 1248 hac
608 1179 719 1248 ferme
749 1180 926 1250 sententia
954 1186 1056 1248 extat
1085 1179 1214 1249 summi

167 1292 233 1362 hac
258 1295 430 1362 memoria
456 1293 579 1364 Poctae
609 1293 866 1364 nobilissimum
893 1314 1056 1364 carmen:
1085 1315 1215 1384 nempe

167 1431 238 1477 non
259 1408 366 1478 aliam
388 1409 434 1477 ob
460 1431 601 1479 causam
625 1410 723 1504 tangi
748 1410 911 1501 pueritiae
936 1411 1214 1480 recordationem

167 1524 344 1615 exquisita
366 1523 427 1594 illa
451 1547 492 1594 ac
517 1535 708 1618 pervagata
728 1525 924 1609 dulcedine,
943 1548 1049 1618 quam
1072 1535 1216 1618 propter

167 1638 321 1708 debilem
340 1640 517 1731 quendam
538 1641 661 1732 prioris
687 1640 764 1724 aevi,
783 1641 923 1732 Deique
947 1642 1118 1733 propioris
1139 1664 1217 1712 sen-

168 1776 246 1824 sum
258 1765 295 1823 ¹²¹.

222 1868 394 1951 Quamvis
428 1879 550 1940 autem
584 1871 674 1942 hanc
710 1872 910 1964 opinionem
948 1875 1007 1942 vix
1042 1874 1132 1944 ferat
1166 1875 1218 1943 di-

169 1987 258 2054 vinae
289 1985 522 2078 philosophiae
552 1988 653 2070 ratio,
679 1989 833 2058 fatemur
862 1998 980 2058 tamen
1013 2011 1092 2058 eam
1121 1997 1218 2059 eate-

168 2122 233 2170 nus
268 2100 312 2170 ad
343 2124 465 2170 verum
501 2103 678 2186 accedere,
707 2126 777 2194 qua
810 2111 972 2185 sanctum
1006 2102 1148 2195 aliquod
1178 2112 1216 2174 et

167 2238 274 2308 grave
288 2217 412 2286 tribuit
430 2218 608 2286 memoriae
624 2225 661 2287 et
674 2218 812 2288 caritati
830 2219 1018 2310 puerilium
1032 2241 1214 2289 annorum.

169 2329 321 2400 Nosmet
338 2339 435 2401 certe
452 2332 606 2402 infantes
623 2335 785 2404 novimus
804 2357 909 2426 quam
930 2357 1039 2426 prope
1056 2335 1216 2428 tetigerit

168 2445 299 2516 Divina
316 2447 535 2540 benignitas:
558 2450 636 2540 quis
652 2472 756 2540 porro
773 2451 850 2533 scit,
863 2473 909 2520 an
923 2451 1035 2520 omnis
1053 2450 1113 2520 illa
1126 2458 1217 2520 tem-

166 2563 261 2653 poris
285 2564 440 2633 anteacti
467 2563 617 2633 dulcedo
642 2564 772 2635 lrabeat
789 2566 966 2656 quandam
992 2566 1216 2658 significatio·

166 2700 249 2748 nem
268 2678 369 2748 Illius
389 2678 618 2750 Praesentiaei
650 2680 789 2751 Verum
815 2681 894 2751 haec
920 2680 1030 2751 semel
1056 2683 1215 2775 tetigisse

166 2793 336 2877 sufficiat;
361 2795 471 2865 fusius
488 2797 683 2887 praesertim
701 2797 746 2865 ab
760 2795 821 2866 illo
833 2797 1012 2888 Scriptore
1028 2797 1214 2888 explicata,

167 2907 228 2997 qui
255 2909 468 2977 sententiam
492 2931 572 2978 eam
600 2908 743 3000 primus,
770 2909 864 3000 quod
891 2910 1008 2991 sciam,
1034 2911 1071 2979 in
1097 2908 1213 2980 lucem

167 3023 278 3092 edidit
290 3033 317 3090 ¹¹.
370 3021 494 3093 Liceat
523 3031 663 3092 tantum
693 3023 806 3114 pauca
831 3023 875 3092 de
901 3022 1024 3093 multis
1048 3025 1213 3116 proferre,

165 3139 202 3206 in
222 3135 390 3206 Latinum
408 3159 606 3207 sermonem
624 3160 835 3229 quocunque
851 3139 958 3207 modo
976 3161 1075 3210 versa
1088 3149 1113 3211 ⁰.

216 3262 236 3291 “
248 3251 455 3336 Quoniam,’'
467 3254 592 3344 inquit,
611 3262 630 3291 ‘⁶
642 3254 763 3322 aderat
775 3252 889 3335 Duas,
901 3255 1001 3323 nobis
1019 3254 1109 3324 bene
1127 3262 1212 3338 erat,

165 3368 404 3438 nescientibus
422 3378 542 3437 tamen
559 3368 662 3459 ipsis.
677 3367 933 3460 ..Accepimus
950 3370 1081 3463 ignari:
1106 3370 1211 3463 longo

165 3483 293 3552 deinde
318 3491 399 3573 post
425 3492 595 3573 tempore,
614 3484 711 3554 venit
734 3486 771 3553 in
798 3493 956 3554 mentem
981 3486 1079 3577 quasi
1103 3509 1214 3578 augu-

163 3599 255 3666 rium
274 3598 319 3667 de
341 3605 419 3667 tota
438 3599 513 3688 ejus
541 3598 591 3668 rei
615 3598 761 3669 ratione.
816 3599 910 3670 Hinc
935 3599 1024 3670 mira
1052 3600 1112 3669 illa
1135 3600 1213 3670 dul-

163 3713 272 3783 cedo:
300 3713 383 3782 hinc
406 3736 478 3782 non
500 3713 575 3782 sine
598 3721 721 3784 tenero
739 3716 892 3805 quodam
910 3714 1044 3785 lumine
1061 3716 1212 3786 redeunt

163 3829 197 3896 in
226 3829 433 3898 memoriam
457 3830 628 3920 praeteriti
647 3829 742 3908 dies:
770 3832 879 3900 immo
897 3829 1024 3924 vulgus
1041 3842 1078 3901 et
1095 3832 1210 3913 turba,

162 3950 204 4012 ut
230 3943 282 4012 ita
306 3944 432 4027 dicam,
450 3942 629 4013 inutilium
655 3968 837 4028 annorum,
855 3968 1002 4038 quaeque
1019 3947 1100 4016 vitae
1121 3954 1211 4016 tem·

163 4081 249 4149 pora
266 4059 392 4129 inertia
414 4059 518 4151 plane
535 4067 635 4129 erant
652 4061 736 4142 visa,
755 4061 879 4130 eadem
897 4062 974 4150 jam
992 4062 1111 4152 quiete
1136 4062 1212 4153 ipsa

197 4239 215 4263 '¹
228 4231 423 4296 Wordsworth,
438 4233 538 4296 Wmts,
550 4234 585 4288 iv.
600 4245 660 4304 275.
674 4233 715 4287 ed.
732 4234 807 4288 1820.
948 4243 960 4267 ³
972 4235 1111 4300 Newman,
1125 4237 1210 4290 Paro-

163 4319 234 4374 cltial
247 4319 376 4383 Sermone,
388 4319 423 4374 iv.
440 4332 481 4389 17.
641 4320 735 4373 ⁰Ibid.
748 4338 775 4389 p.
789 4322 850 4392 298.
