2768 4876
132 333 219 375 rann.
232 334 321 377 xxxr.
360 313 531 379 Dalimtw
545 315 582 379 de
595 315 714 379 vicmo
732 313 880 378 Theocriti
895 314 1006 378 indole.
1112 314 1178 384 699

132 479 242 552 Poeta
275 482 414 553 felicius
447 485 660 575 expresserit
694 485 852 553 animum
881 506 965 553 cum
995 484 1177 576 voluptate

127 606 309 667 assuetum
326 599 459 669 aestivis
475 598 545 670 illis
562 599 774 669 rusticorum
792 597 939 670 deliciis.
1043 665 1046 669 .

173 713 327 805 Ecquod
350 715 459 807 igitur
474 714 657 795 habemus,
674 716 769 805 quod
791 714 846 784 his
870 712 959 784 adeo
976 715 1023 784 sit
1040 723 1179 785 contra-

120 829 230 910 rium,
257 837 299 899 ut
329 830 470 900 eveniat
495 830 641 899 tandem
670 851 799 920 anceps
824 829 1000 899 Theocriti
1031 828 1177 911 indoles,

119 965 191 1013 nec
220 944 306 1014 satis
331 953 481 1027 constet,
507 968 552 1014 an
580 943 641 1014 ille
666 945 833 1014 cecinerit
859 945 948 1014 ruris
977 967 1106 1026 amore,
1133 967 1178 1013 an
1248 990 1251 997 ι

113 1058 251 1152 gloriae
269 1082 310 1130 ac
331 1060 527 1131 mercedis?
570 1058 755 1130 Habemus
772 1082 877 1142 vero;
903 1067 941 1129 et
957 1082 1016 1129 eas
1034 1060 1178 1150 quidem

113 1196 262 1257 causas,
275 1197 363 1265 quae,
380 1182 422 1243 ut
439 1175 475 1243 in
493 1173 556 1244 tali
574 1196 622 1253 re,
640 1175 877 1264 conjecturam
896 1172 1020 1243 afferre
1037 1174 1178 1244 videan-

113 1296 184 1357 tur
218 1290 305 1358 satis
338 1288 568 1380 probabilem.
623 1288 840 1370 Theocritus,
871 1289 900 1357 si
934 1288 1021 1357 fides
1051 1287 1178 1359 Gram-

115 1403 278 1484 maticis,
296 1425 377 1472 cum
397 1405 474 1494 jam
498 1401 621 1472 adulta
637 1410 730 1471 esset
748 1409 786 1472 et
806 1410 910 1472 aetate
927 1410 964 1470 et
981 1403 1085 1484 fama,
1103 1404 1178 1473 sive

111 1540 170 1587 ex
194 1517 311 1586 insula
328 1516 391 1598 Co,
409 1519 482 1587 sive
508 1539 554 1587 ex
576 1517 707 1599 Sicilia,
726 1517 891 1610 migravit
908 1517 1115 1610 AEgyptum,
1140 1519 1178 1587 in

112 1631 248 1701 aulam
278 1630 466 1701 Ptolemaei
496 1633 599 1723 regis.
652 1631 780 1722 Itaque
813 1633 881 1701 erit
915 1630 1049 1723 duplex
1078 1635 1177 1722 quasi

115 1747 236 1818 series
262 1747 457 1816 carminum
475 1747 570 1837 ejus3
597 1769 679 1816 nam
701 1747 831 1838 partim
849 1747 945 1816 domi
968 1756 1051 1817 suut
1071 1749 1179 1839 scrip-

120 1869 177 1942 ta,
200 1883 283 1930 cum
304 1858 418 1952 sylvas
441 1869 479 1929 et
503 1883 585 1930 rura
605 1883 682 1951 quae
708 1868 851 1931 caneret
876 1862 951 1952 ipse
975 1861 1091 1932 adhuc
1116 1862 1178 1932 ha-
1275 1876 1281 1890 “

121 1977 238 2047 bebat
254 1985 338 2046 ante
355 1976 496 2058 oculos3
523 1977 652 2067 partim
670 1975 906 2056 Alexandriae,
924 1985 1064 2048 mutata
1080 1979 1179 2068 peni·

122 2103 187 2162 tus
204 2114 288 2162 cum
305 2090 507 2184 regionibus
525 2090 666 2160 vivendi
683 2112 825 2181 quoque
845 2092 992 2160 ratione.
1042 2091 1178 2162 Debuit

125 2208 251 2297 iteque
276 2205 453 2298 sylvarum
477 2227 519 2275 ac
546 2207 635 2275 ruris
660 2227 768 2286 amor,
792 2206 965 2297 siquidem
991 2228 1178 2298 germanus

126 2328 206 2390 erat
223 2328 331 2411 atque
352 2342 397 2390 ex
422 2321 493 2388 imo
512 2321 616 2389 corde
641 2328 855 2400 manaverat,
873 2321 1065 2411 posteriora
1088 2323 1180 2412 pari-

126 2444 186 2504 ter
201 2458 244 2505 ac
267 2435 380 2526 prima
405 2456 528 2525 sapore
546 2436 700 2525 quodam
724 2457 787 2503 suo
811 2435 980 2504 imbuere.
1031 2436 1127 2520 Quid
1149 2440 1178 2508 si

128 2550 270 2642 quando
287 2530 434 2618 alienior
450 2550 542 2618 forte
568 2572 589 2618 a
614 2572 694 2618 rure
711 2547 901 2639 tranquillo
919 2552 1179 2642 proponebatur

129 2663 301 2736 materia?
331 2665 358 2733 si
378 2662 572 2734 laudandus
585 2663 813 2746 Ptolemaeus,
827 2665 856 2734 si
874 2664 1084 2735 celebranda
1097 2665 1180 2737 Pol-

129 2779 218 2850 lucis
236 2780 383 2848 victoria
407 2787 515 2848 caestu
541 2779 699 2870 portasi
721 2779 766 2848 ab
789 2777 945 2848 Hercule
963 2779 1178 2851 domandum

130 2902 206 2964 erat
225 2893 281 2962 vel
298 2893 433 2962 infante
451 2892 648 2984 viperarum
668 2915 739 2984 par,
758 2892 814 2960 vel
832 2891 954 2961 adulto
972 2900 1178 2983 portentum

128 3008 219 3078 illud
238 3007 398 3078 Nemeaei
423 3008 559 3078 leonis?
611 3007 762 3078 Petendi
788 3015 909 3077 tamen
935 3014 1036 3077 erant
1056 3031 1102 3078 ex
1124 3009 1178 3079 Si-

130 3123 212 3194 cilia
236 3132 344 3215 atque
367 3146 413 3192 ex
434 3123 639 3193 colonorum
657 3124 730 3192 vita
756 3123 890 3193 colores
916 3131 954 3192 et
979 3122 1123 3207 lumina,
1141 3133 1178 3194 et

129 3263 208 3331 quae
226 3247 395 3308 vocantur
415 3238 552 3307 similia.
605 3237 677 3307 Sed
695 3259 818 3306 vereor
840 3259 885 3305 ne
911 3238 946 3306 in
973 3237 1115 3307 urbanis
1140 3248 1178 3308 et

130 3336 252 3425 aulicis
268 3354 445 3424 Theocriti
462 3354 617 3445 requiras
643 3353 746 3445 plane
772 3354 979 3422 memoriam
1002 3352 1100 3422 illam
1120 3377 1179 3423 ru·

131 3467 187 3536 ris.
240 3467 386 3536 Poterat
411 3466 595 3536 admisceri
619 3465 691 3535 tale
717 3465 848 3557 aliquid
871 3477 1068 3559 opportune
1093 3470 1177 3540 satis

130 3580 182 3650 illi
200 3582 375 3652 duntaxat
393 3581 548 3663 carmini,
566 3583 622 3651 cui
641 3605 772 3651 nomen
790 3579 1068 3680 Ἀδωνιάζουσαι;
1095 3607 1176 3653 cum

130 3703 168 3764 et
199 3693 424 3786 Syracusanae
454 3694 739 3785 colloquerentur
771 3694 947 3777 mulieres,
979 3706 1018 3764 et
1047 3695 1184 3765 Dorica·

130 3808 261 3902 lingua,
279 3818 317 3879 et
335 3808 511 3879 Adonidis
535 3809 630 3878 horti
654 3811 939 3902 depingerentur.
992 3807 1063 3879 Sed
1089 3809 1177 3880 nihil

130 3925 234 4016 plane
264 3927 313 3995 ibi
343 3927 489 4018 reperio,
513 3927 608 4016 quod
637 3927 813 4016 pertineat
840 3925 885 3994 ad
911 3924 1079 4007 Siciliam,
1110 3927 1175 3996 nisi

130 4038 221 4109 forte
239 4041 394 4132 excipias
412 4039 653 4110 dulcissimum
670 4038 758 4108 illud
770 4033 791 4121 f,

267 4159 372 4230 χλωραὶ
384 4159 412 4213 δὲ
425 4159 536 4222 scribes,
548 4158 655 4232 μαλάκφ
665 4156 806 4227 βριθοῦσαι
818 4155 910 4231 ἇνὴθφ,

471 4293 605 4350 ¹Theocr.
618 4295 697 4365 Idan.
714 4307 754 4360 15.
770 4293 828 4347 118,
