2768 4876
97 318 327 398 Pannxxxi.
353 334 482 417 Infinita
496 333 700 418 waremiam,
715 335 818 420 reliyio
832 337 983 420 quaedam.
1113 340 1175 404 705

183 505 349 574 Mirabile
366 505 537 597 profectu,
556 529 661 596 quam
682 516 807 576 sonent
833 507 1034 600 religiosum
1060 510 1175 597 pium-

99 641 200 710 que
227 621 355 712 saepius
373 621 530 690 Lucretii
549 623 656 690 nostri
683 622 848 701 carmina,
865 631 941 691 tum
969 645 1051 690 cum
1076 644 1175 690 max-

97 731 201 802 ime
218 736 365 826 scriptor
389 738 426 804 in
452 738 607 806 amentia
632 738 789 829 magistri
808 739 860 806 sui
879 739 1006 806 versari
1025 737 1174 806 videtur.

108 844 296 941 Exempli
313 852 435 942 gratia,
454 850 648 944 Epicurum
666 851 812 921 laudans
829 854 911 934 ait‘l,

341 992 428 1047 Simul
439 1011 469 1046 ac
481 994 548 1047 ratio
560 1002 607 1047 tua
618 994 698 1062 coepit
709 994 846 1047 vociferari

270 1078 401 1132 Naturam
414 1097 503 1132 rerum
514 1078 587 1133 haud
600 1078 690 1132 divina
702 1088 790 1132 mente
802 1088 928 1141 coortam,

271 1164 424 1236 Diffirgiunt
436 1166 518 1219 animi
529 1175 657 1228 terrores3
677 1168 776 1219 moenia
788 1166 882 1219 mundi

271 1251 428 1315 Dissiliunt3
446 1260 534 1305 totum
546 1251 623 1306 video
635 1270 682 1321 per
695 1252 777 1305 luane
789 1255 845 1322 geri
856 1270 914 1315 res;

270 1336 386 1406 Apparet
399 1337 502 1392 Divum
514 1337 632 1401 Numen,
645 1337 774 1408 sedesque
786 1339 890 1409 quietae.
902 1380 907 1392 .
920 1379 925 1391 .
937 1381 942 1393 .

270 1422 307 1476 At
318 1432 410 1477 contra
422 1441 555 1495 nusquam
567 1432 694 1493 apparent
705 1424 853 1477 Acherusia
864 1424 962 1492 templa
968 1444 976 1485 ;

270 1506 327 1561 Nec
339 1508 429 1563 Tellus
443 1509 539 1571 obstat,
553 1510 617 1579 quin
630 1510 719 1562 omnia
732 1509 913 1578 dispiciantur,

271 1593 327 1648 Sub
341 1594 453 1664 pedibus
465 1613 633 1667 quaecunque
645 1596 715 1648 infra
726 1614 772 1664 per
786 1596 867 1648 Inane
880 1604 1018 1665 geruntur.

180 1715 450 1809 contemplatur
478 1717 642 1787 videlicet
671 1717 782 1788 Inane
818 1717 906 1786 illud
936 1741 1048 1799 suum,
1078 1717 1175 1787 velut

135 1833 248 1901 sedem
275 1832 380 1925 plane
405 1857 446 1902 ac
471 1833 688 1902 domicilium
708 1832 899 1902 Potestatis
925 1834 1042 1902 nescio
1066 1834 1176 1923 cujus,

133 1948 278 2016 infinitae
296 1956 334 2017 et
350 1950 545 2017 immensae.

180 2061 246 2130 Est
276 2063 394 2143 etiam,
426 2060 486 2130 ubi
519 2062 563 2129 de
593 2063 668 2129 vita
697 2072 824 2143 nostra,
854 2070 890 2130 et
918 2063 1080 2131 universa
1110 2064 1174 2131 hac

132 2177 312 2245 hominum
337 2175 526 2269 republica,
553 2179 604 2245 ita
629 2176 796 2268 loquitur,
819 2177 916 2267 quasi
943 2178 1002 2268 qui
1028 2177 1115 2247 velit
1138 2201 1176 2246 re

131 2315 170 2362 ac
196 2294 345 2362 veritate
369 2314 476 2382 quam
501 2293 662 2383 proxime
688 2293 854 2362 accedere
880 2293 925 2362 ad
951 2316 1029 2362 eam
1056 2292 1177 2362 Provi-

131 2407 297 2490 dentiam,
315 2429 419 2498 quam
438 2408 545 2476 verbo
563 2406 694 2475 ibidem
712 2405 807 2474 tollit
818 2416 841 2474 Γ.

270 2543 364 2615 Usque
377 2543 442 2598 adeo
454 2561 496 2597 res
508 2544 639 2597 humanas
652 2543 701 2597 Vis
713 2542 803 2597 abdita
814 2542 937 2613 quaedam

271 2628 384 2692 Obterit,
397 2637 423 2682 et
435 2629 560 2698 pulchros
572 2628 666 2691 fasces,
680 2646 815 2700 saevasque
828 2645 933 2682 secures

270 2713 435 2776 Proculcare,
448 2730 478 2766 ac
489 2712 605 2767 ludibrio
618 2712 669 2767 sibi
681 2713 778 2766 habere
789 2712 902 2767 videtur.

180 2832 344 2903 Fulmina
369 2856 471 2925 porro
488 2856 528 2902 ao
553 2841 783 2924 tempestates
804 2834 910 2903 modo
933 2856 1004 2902 non
1022 2833 1177 2903 declarat

132 2948 299 3017 Numinis
316 2970 391 3017 esse
408 2970 496 3038 opus
509 2958 529 3015 ⁵.

216 3078 220 3082 ’
271 3089 409 3152 haterea,
422 3089 466 3143 cui
478 3106 534 3142 non
546 3089 652 3143 animus
664 3089 806 3143 formidine
819 3091 920 3144 Divum

270 3174 461 3228 Contrahituri
481 3174 524 3228 cui
535 3192 591 3228 nou
603 3185 752 3243 conrepunt
763 3177 883 3230 membra
895 3193 1000 3245 pavore,

271 3258 401 3312 Fulminis
412 3258 532 3313 horribili
544 3277 607 3313 cum
619 3261 697 3330 plaga
708 3260 808 3315 torrida
819 3263 909 3316 Tellus

271 3343 428 3407 Contremit,
441 3353 466 3398 et
478 3362 608 3414 magnum
620 3355 778 3414 percurrunt
790 3365 928 3401 murmura
940 3349 1054 3401 caelum?

270 3428 297 3482 N
299 3445 335 3481 on
346 3429 446 3498 populi,
459 3439 604 3500 gentesque
616 3438 744 3491 tremunt,
757 3448 885 3501 regesque
898 3432 1005 3501 superbi

272 3513 427 3583 Corripiunt
439 3514 541 3568 Divum
553 3515 668 3584 perculsi
679 3516 799 3569 membra
811 3517 914 3580 timore,

271 3596 314 3652 Ne
325 3597 398 3669 quod
410 3598 445 3653 ob
458 3598 606 3654 admissum
617 3599 695 3663 foede,
709 3600 843 3655 dictumve
855 3602 977 3670 superbe,

271 3680 415 3737 Poenarum
426 3700 507 3754 grave
520 3684 554 3738 sit
566 3685 686 3739 solvendi
697 3694 803 3756 tempus
815 3686 958 3740 adactum?

183 3799 308 3892 Atque
324 3801 383 3871 hic
401 3802 546 3872 minime
571 3805 803 3896 praetereundi
822 3814 904 3874 sunt
921 3806 1041 3875 eximii
1059 3827 1179 3875 versus

25 3918 28 3924 “
137 3913 177 3984 de
193 3913 313 3986 futura
329 3915 453 3985 mundi
471 3916 570 3986 clade
581 3917 603 3986 ⁸.

273 4050 415 4120 Principio,
428 4053 511 4106 maria
522 4069 552 4106 ac
565 4061 657 4117 terras,
670 4055 820 4125 coelumque
832 4063 922 4108 tuere:

273 4134 381 4191 Horum
392 4146 515 4191 naturam
527 4138 667 4208 triplicem,
679 4140 730 4193 tn'a
742 4157 860 4209 corpora,
875 4141 996 4203 Memmi,

172 4309 185 4345 (Ι
204 4299 285 4355 Lucr.
298 4318 324 4370 3.
341 4319 381 4367 14.
506 4312 555 4372 r5.
573 4321 648 4373 1231.
772 4315 782 4341 ³
795 4320 820 4374 5.
837 4320 912 4375 1217.
1037 4307 1047 4343 t
1060 4320 1085 4375 5.
1099 4325 1142 4376 93.

628 4413 649 4460 Z
667 4417 686 4459 Z
