2768 4876
176 329 353 375 mmm.
398 307 1030 394 mmmmmaraermnrapnttea.
1160 313 1226 382 899

177 480 242 563 lus,
264 481 343 571 ipso
362 477 520 572 AEsohyli
543 487 713 570 tempore,
739 477 926 548 Persarum
950 479 1116 561 adventu,
1141 501 1225 550 oum

177 596 222 665 ad
248 595 358 664 limen
379 593 517 664 delubri
538 601 640 663 tauta
660 590 722 661 illa
746 592 916 662 miracula
933 594 1125 685 direptores
1143 593 1225 664 Asi·

179 710 290 779 atioos
313 716 571 801 oppresserunt.
624 706 684 777 Ne
704 706 840 790 multa3
866 708 1008 778 auribus
1031 730 1113 779 vere
1136 709 1225 779 Hel·

177 823 303 894 leuieis
317 845 389 894 non
406 823 559 916 simplex
576 831 652 893 erat
669 821 841 914 voluptas,
859 823 998 914 quoties
1019 824 1225 894 occurrebat

178 940 214 1008 iu
239 939 383 1009 theatro
407 939 464 1008 vel
490 938 587 1032 adyti
613 938 714 1008 istius
739 937 797 1007 vel
822 938 1006 1030 regionum
1034 939 1223 1008 vicinarum

177 1055 334 1125 mentio:
378 1055 531 1124 recitato
560 1052 726 1122 videlieet
760 1052 835 1123 sive
864 1053 1102 1123 Eumenidum
1138 1054 1224 1123 Pro-

177 1168 257 1262 logo
269 1179 297 1252 ¹¹,

389 1289 465 1354 σε’βυ
474 1288 503 1343 dd
515 1288 624 1360 νθμφας,
636 1289 698 1343 ἔνθα
709 1291 824 1360 Κωρυκὶς
834 1290 917 1360 πέτρα

388 1376 471 1445 κοίλη,
482 1375 614 1447 φίλορνις,
625 1375 751 1444 δαιμόνων
761 1375 924 1447 ἀναστροφή·

177 1520 239 1568 seu
255 1497 438 1570 matutina·
451 1497 548 1568 Ionis
566 1496 747 1589 Euripidei
765 1499 941 1569 cantilena
949 1509 975 1580 ⁰,

386 1641 487 1714 ἀρμστα
498 1642 546 1711 μὲν
556 1641 619 1696 rste
628 1643 736 1712 λαμπρὰ
747 1642 893 1713 τεθρίππου

383 1729 458 1798 οι»
468 1729 521 1798 ιο·
527 1728 624 1798 λάμπει
635 1729 699 1782 κατὰ
709 1730 767 1799 νο·

387 1814 472 1886 ἀστρα
484 1815 512 1868 δὲ
523 1813 615 1886 φεύγει
626 1815 689 1885 πυρὶ
701 1813 760 1887 τῷδ’
772 1813 873 1886 αἰθέρος

385 1901 422 1956 εἷς
433 1898 505 1970 νῦχθ
519 1900 597 1968 ίεράν.

386 1987 564 2056 Παρνησιάδες
575 1983 598 2040 δ’
610 1985 703 2051 ἄβατοι
715 1987 828 2056 κορυφαὶ

385 2071 608 2142 καταλαμπομέναι
620 2072 666 2141 τὴν
677 2070 765 2142 ἢερίαν

383 2157 469 2228 ἁψῖδα
480 2160 602 2229 βροτοῖσι
614 2158 741 2229 δέχονται·

384 2241 499 2313 σμῦρνης
510 2242 533 2298 δ’
545 2242 655 2314 ἀνάδρον
667 2243 762 2299 κασνδς
773 2242 800 2299 ἐς
812 2242 927 2314 ὀρόφους

384 2330 483 2394 Φοίβου
493 2329 608 2385 πέταται·

383 2416 481 2472 θάσσςι
491 2417 522 2471 δὲ
530 2416 595 2488 ιρινι)
607 2416 716 2485 τριπδδα
727 2416 818 2482 ζάθεον

384 2503 499 2574 Δέλφις,
511 2501 624 2557 ἀείδουσ’
633 2500 750 2570 Ἕλλησι
761 2502 834 2567 βοὰς,

382 2586 415 2644 ἀς
423 2587 455 2643 δν
465 2587 605 2643 Ἀπόλλων
616 2585 757 2656 κελαδήσῃ.

381 2672 467 2736 Ἀλλ’,
480 2673 505 2728 δ·
513 2675 611 2739 Φοίβου
623 2673 730 2744 Δέλφοι
742 2672 860 2743 stipare,

381 2760 428 2817 τὰς
440 2760 591 2815 Κασταλίας
601 2759 776 2830 ἀργυροειδεῖς

380 2847 483 2911 βαίνετε
494 2847 573 2903 δίνας·
592 2846 713 2916 καθαραῖς
726 2845 755 2898 δὲ
767 2846 873 2915 δρόσοις

379 2934 595 3004 ἀφυδρανάμενοι,
608 2933 727 3004 στείχετε
739 2933 823 2989 νάους.

171 3069 243 3140 Tali
270 3071 426 3140 carmine
451 3071 708 3142 revocabantur
732 3071 876 3162 quidem
904 3068 1012 3140 animi
1039 3070 1084 3139 ad
1110 3092 1217 3140 amoe·

170 3187 329 3256 nissimos
359 3184 573 3256 convallium
603 3186 790 3267 anfractus,
818 3192 856 3254 et
882 3185 927 3254 ad
953 3184 1039 3253 invii
1064 3187 1216 3256 nemoris

169 3301 309 3371 dulcem
343 3301 521 3391 quendam
555 3301 758 3372 horrorem:
794 3308 1026 3371 veruntamen
1057 3302 1215 3370 omnium

167 3415 322 3485 maxime
351 3417 519 3486 movebat
549 3415 737 3486 Graiorum
768 3415 920 3497 foederis,
954 3413 1103 3507 publicae
1136 3437 1214 3495 arae,

167 3529 408 3600 communium
425 3553 603 3601 sacrorum
620 3530 801 3599 memoria.

214 3643 322 3727 Quod
347 3644 456 3737 igitur
470 3643 658 3736 AEsohylus
682 3652 804 3713 noster
824 3642 880 3732 (ut
904 3644 949 3713 ad
975 3665 1058 3712 eum
1084 3663 1214 3711 sermo·

165 3779 255 3860 nem³
274 3758 370 3827 unde
394 3758 554 3850 paullum
580 3758 661 3840 abii,
679 3757 836 3848 redeam)
855 3757 959 3827 oaedis
976 3765 1157 3825 auctorem
1175 3764 1213 3825 et

163 3882 351 3964 patronum
376 3873 540 3944 adhibuit
558 3871 677 3943 Oresti
704 3896 767 3943 suo
785 3870 991 3963 Apollinem
1011 3869 1212 3961 Pythicum,

163 3988 308 4078 perinde
326 3995 391 4071 est,
408 4011 450 4058 ao
466 3987 495 4058 si
512 3987 550 4055 in
559 3988 643 4078 ejus
660 3986 895 4078 patrocinium
914 4005 1036 4053 omnes
1054 3985 1212 4054 omnium

162 4101 371 4177 Graeoorum
401 4102 590 4197 religiones
612 4112 802 4175 evocasset.
856 4099 980 4170 Multo
1003 4107 1100 4170 certe
1124 4100 1213 4168 veri·

341 4305 353 4328 ⁹
365 4297 473 4352 Εαιιιειι.
488 4313 531 4352 22.
894 4305 910 4334 ⁰
921 4295 977 4348 Ιοιι.
991 4293 1034 4347 82.
