2768 4876
164 299 230 368 676
261 299 400 365 Nudium
413 308 441 364 et
452 299 607 384 sylvam
620 299 730 386 speeies
743 297 811 365 boos
825 301 974 388 sorry'stopi,
995 320 1214 363 raanxxxnr.

307 469 441 524 carbasus
453 477 484 524 ut
496 469 631 541 quondam
643 469 748 540 magnis
760 469 861 522 intenta
871 467 983 522 theatris

306 557 361 611 Dat
373 556 503 627 crepitum
515 557 600 610 malos
611 556 680 610 inter
688 556 794 627 jactata,
806 554 962 626 trabesque:

306 640 444 696 Interdum
456 641 587 712 perscissa
597 641 662 695 furit
672 640 853 711 petulantibus
865 640 953 704 Euris,

306 728 342 781 Et
353 727 459 797 fragiles
472 728 576 781 sonitus
588 727 739 781 chartarum
751 725 970 790 commoditatum

307 812 340 867 ld
352 831 458 885 quoque
470 814 542 867 enim
553 831 638 884 genus
650 813 678 866 in
689 813 794 866 tonitru
804 829 964 882 cognoscere
976 811 1084 881 possis3

306 901 362 954 Aut
374 899 421 953 ubi
433 917 590 970 suspensam
602 909 712 964 vestem,
724 899 863 954 chartasve
871 900 1001 962 volantes,

306 985 469 1040 Verberibus
481 986 553 1040 venti
564 994 680 1050 versant,
691 987 875 1057 planguntque
886 1003 934 1056 per
944 1003 1034 1039 auras.

217 1100 304 1171 Post
329 1100 448 1193 paullo
473 1108 661 1170 occurrunt
682 1101 841 1191 quadam
866 1101 918 1170 ita
942 1107 1158 1191 comparata,
1176 1107 1218 1167 ut

165 1217 313 1287 nubium
338 1239 379 1285 ac
405 1217 578 1308 sylvarum
598 1217 772 1286 rationem
789 1216 882 1285 inter
898 1238 936 1285 se
954 1213 1222 1307 quodammodo

166 1334 393 1426 conjungant.

307 1453 357 1508 list
368 1453 448 1506 etiam
460 1452 536 1516 ratio,
549 1469 612 1508 cum
623 1454 696 1508 venti
707 1454 801 1508 nubssa
812 1454 933 1524 perflant,

307 1538 364 1592 Cur
376 1539 479 1593 sonitus
491 1539 604 1594 iaciant:
623 1541 721 1594 etenim
733 1550 841 1596 ramosa
848 1540 974 1595 videmus

306 1625 408 1679 Nubila
420 1643 490 1695 saepe
502 1626 589 1680 modis
601 1628 702 1692 multis,
715 1636 794 1700 atque
806 1646 898 1698 aspera
909 1627 984 1681 ferri.

308 1711 414 1765 Scilicet
426 1720 457 1765 ut
469 1711 589 1766 crebram
601 1713 703 1784 sylvam
716 1731 778 1767 cum
790 1713 898 1767 flamina
909 1713 993 1768 Cauri

306 1797 433 1861 Perdant,
446 1797 511 1851 dant
523 1798 647 1853 sonitum
653 1798 771 1863 frondes,
784 1800 903 1871 ramique
913 1800 1063 1870 fragorem.

307 1882 350 1937 Fit
361 1900 476 1954 quoeris,
488 1892 519 1938 ut
530 1883 670 1938 interdurn
677 1884 758 1938 validi
770 1885 903 1939 visinoita
915 1884 991 1938 venti

306 1970 461 2025 Perscindat
472 1972 573 2026 nubem
584 1971 750 2042 periungens
762 1973 859 2041 impete
870 1979 951 2025 rector

306 2054 379 2109 Nam
392 2055 456 2127 quid
468 2057 553 2126 possit
564 2056 602 2110 ibi
614 2056 702 2120 flatus,
714 2057 854 2111 manifesta
866 2056 943 2110 docet
954 2073 1013 2118 res,

307 2140 370 2205 Hic,
383 2141 431 2195 ubi
442 2141 528 2195 lenior·
539 2149 588 2204 est,
601 2141 630 2194 in
642 2150 712 2195 terra
723 2159 786 2196 cum
797 2151 887 2196 tamen
897 2143 949 2194 alta

306 2227 425 2282 Arbusta
437 2229 560 2283 evolvens
573 2227 708 2282 radicibus
720 2228 809 2283 haurit
820 2228 854 2282 ab
866 2229 936 2282 imis.

171 2321 174 2326 ’
216 2329 403 2401 Accedant
420 2342 457 2402 et
474 2334 545 2416 1113,
564 2356 641 2426 quae
662 2355 744 2402 cum
766 2335 888 2404 multis
910 2335 988 2404 aliis
1004 2335 1217 2421 Lucretium

167 2447 269 2516 nobis
296 2447 425 2517 sistunt
457 2449 742 2529 subtilissimum,
767 2451 798 2518 si
828 2453 905 2542 quis
934 2451 1035 2534 elius,
1068 2451 1218 2521 Natura

168 2572 415 2655 spectatorem.

308 2683 416 2737 Aridior
427 2702 506 2753 porro
519 2687 542 2739 si
554 2686 639 2740 nubes
652 2685 747 2756 accipit
758 2687 859 2756 ignem,

308 2770 403 2824 Uritur
415 2771 516 2841 ingenti
528 2773 617 2826 sonitu
630 2791 758 2827 succensa
769 2783 893 2843 repente:

307 2857 479 2911 Lauricomos
491 2867 522 2911 ut
534 2859 556 2911 si
568 2876 615 2927 per
627 2870 732 2914 montes
744 2860 851 2913 flamma
862 2869 984 2929 vagetur,

307 2943 425 2997 'lhrrbine
437 2953 577 2998 ventorum
589 2947 749 3000 comburens
762 2947 859 3016 impete
871 2964 987 3016 magno:

307 3029 365 3082 Nec
378 3047 419 3082 res
432 3031 486 3082 ulla
497 3032 591 3101 magis,
605 3050 686 3103 quam
698 3033 793 3086 Phoebi
807 3032 930 3102 Delphici
941 3033 1047 3096 laurus,

307 3115 429 3168 Terribili
442 3117 531 3170 sonitu
543 3118 650 3171 flamma
661 3120 804 3188 crepitante
816 3128 956 3173 crematur.

219 3225 356 3310 Facilis,
386 3231 517 3320 opinor,
545 3255 590 3300 ex
619 3232 674 3300 his
705 3234 772 3301 erit
799 3234 967 3302 transitus
997 3233 1033 3300 111
1064 3233 1216 3303 3113111111

168 3343 255 3412 illud
284 3355 403 3437 caput,
423 3348 467 3416 de
493 3348 668 3439 sylvarum
695 3348 850 3431 deliciis3
880 3350 941 3417 ubi
968 3372 1039 3417 non
1064 3350 1217 3430 invitum

170 3463 375 3530 commorari
400 3464 528 3532 debere
546 3463 706 3544 Poetam‚
727 3464 863 3532 obscuri
889 3466 1079 3556 praesertim
1106 3467 1217 3534 31111-

171 3575 261 3643 finiti
274 3588 463 3657 amantem,
478 3602 540 3648 nos
552 3579 627 3670 jam
645 3589 729 3648 31113
747 3581 945 3650 statuimus.
982 3579 1077 3649 Satis
1096 3590 1217 3650 auteur

171 3690 347 3759 declarare
365 3693 525 3762 videatur
550 3703 706 3762 mentem
735 3696 809 3785 ejus
835 3696 873 3763 111
897 3694 963 3763 hac
981 3717 1086 3764 causa
1104 3695 1160 3764 vel
1179 3694 1222 3763 il·

171 3804 231 3875 lud
260 3829 329 3875 non
359 3808 466 3876 semel
497 3808 708 3890 adhibitum,
733 3811 777 3878 de
808 3810 946 3901 propria
973 3832 1013 3878 ao
1044 3811 1220 3901 praecipua

171 3922 367 4002 dulcedine,
384 3945 489 4012 quam
516 3923 627 3992 soleat
654 3928 833 4016 percipere
852 3949 897 3994 ex
915 3927 990 4016 ipsa
1013 3923 1088 3994 sola
1105 3926 1222 4016 operis

171 4039 223 4106 sui
244 4039 400 4106 novitate
413 4034 431 4105 ¹.

312 4157 379 4210 Avia
392 4157 526 4211 Pieridum
538 4177 650 4228 peragro
663 4161 720 4211 loca
732 4161 832 4214 nullius
845 4171 906 4214 ante

600 4337 611 4373 f
629 4338 706 4390 Luci.
720 4357 745 4404 4.
762 4356 785 4391 1.
