2768 4876
215 314 281 381 666
304 315 467 402 Analogia
481 317 527 380 oia
541 317 575 378 in
590 316 720 380 matario
735 335 853 400 qnoque
861 313 1037 399 paraprt'nu.
1048 333 1261 375 aaranxxxur.

216 488 355 579 plorum
386 488 523 569 rudera,
554 486 757 580 “religione
788 494 926 578 patrum
963 484 1096 554 multos
1130 491 1266 553 servata

216 629 280 696 per
302 605 441 685 annos,'’
460 605 644 673 intuentur
669 625 750 672 cum
777 602 949 671 desiderio
972 601 1125 691 quodam
1150 599 1205 668 vel
1232 598 1265 678 ii,

218 720 276 810 qui
302 720 449 787 numina
474 719 550 808 ipsa
570 727 607 787 et
627 718 852 796 caerimoniae,
872 715 989 806 utqui
1010 714 1176 794 maxime,
1195 735 1267 780 me-

218 846 318 904 tuere
336 832 452 903 solent
469 842 506 902 et
524 833 662 902 odisse?
691 832 834 922 Nempe
851 838 1048 922 agnoscunt
1065 851 1163 900 coeca
1175 851 1269 919 quae-

218 951 300 1019 dam
318 972 392 1018 snae
411 947 519 1038 (quod
538 949 588 1017 ait
605 947 680 1036 ille)
688 947 846 1039 flammae
862 945 1014 1040 cantapia.

267 1062 374 1146 Quid,
392 1065 451 1154 qui
470 1065 526 1133 vel
545 1065 700 1134 tenebris
723 1066 792 1133 iter
816 1065 961 1143 faciunt,
980 1061 1036 1131 vel
1057 1059 1215 1153 maligna
1231 1069 1269 1128 et

219 1202 323 1269 parca
351 1178 440 1260 luce,
468 1181 630 1270 pervias
659 1203 839 1270 nunquam
867 1180 931 1248 sibi
963 1179 1058 1271 prius
1085 1176 1268 1246 tentatae?

219 1293 352 1363 Nonne
369 1295 406 1363 id
423 1303 535 1387 agunt
561 1294 780 1386 plerumque,
799 1305 840 1364 ut
857 1296 1050 1387 regionum,
1068 1315 1156 1384 quas
1173 1292 1269 1383 prius

219 1408 418 1491 dilexerint,
449 1423 607 1501 quaerant
643 1411 826 1481 obscuram
857 1410 1032 1501 quandam
1068 1407 1271 1478 similitudi-

219 1526 328 1595 nem?
380 1524 503 1616 Atque
520 1527 609 1596 adeo
627 1528 738 1618 magis
756 1527 924 1596 delectari
941 1525 1065 1607 solent,
1080 1546 1187 1615 qnam
1207 1545 1270 1614 pro

219 1662 336 1709 rerum
354 1643 507 1731 ipsarum
526 1640 800 1732 pulchritudine.

269 1754 351 1824 Jam
378 1778 447 1824 non
474 1755 542 1824 alia
568 1757 708 1847 penitus
734 1780 854 1826 eorum
876 1757 1067 1826 Poetarum
1088 1762 1144 1822 est
1164 1753 1267 1832 ratio,

220 1873 279 1961 qui
299 1873 511 1941 carminibus
529 1873 670 1965 depingi
689 1882 814 1942 curant
837 1875 910 1942 sive
928 1874 1068 1942 arbores
1084 1892 1146 1939 seu
1166 1869 1268 1950 feras,

220 1988 294 2056 sive
308 1986 423 2057 officia
439 1988 624 2057 hominum
642 2011 703 2057 seu
719 1991 806 2058 situs
825 1988 993 2067 locorum,
1006 1985 1153 2055 dimidia
1169 1991 1270 2075 parte

166 2143 169 2152 ·
221 2103 315 2172 orbis
340 2112 524 2185 terrarum,
542 2105 569 2173 si
588 2127 643 2173 res
660 2104 711 2173 ita
729 2105 860 2184 tulerit,
878 2128 899 2173 a
922 2126 960 2173 se
984 2125 1116 2192 suaque
1143 2100 1271 2169 notitia

221 2219 370 2288 dissitos.
425 2218 561 2310 Vigent
587 2221 779 2310 praeeertim
798 2220 835 2288 in
852 2243 894 2289 ea
910 2219 1101 2310 provincia,
1118 2239 1191 2285 non
1209 2215 1269 2306 qui

222 2357 328 2403 manu
357 2357 462 2425 qnam
497 2335 767 2405 laboriosissima
800 2337 937 2405 nativos
970 2320 1107 2426 ponunt
1135 2332 1270 2402 colores

222 2449 434 2540 habitusque
468 2473 598 2533 rerum,
628 2452 688 2520 sed
724 2453 748 2520 ii
783 2453 905 2544 magis,
933 2452 993 2541 qui
1022 2447 1132 2519 semel
1163 2457 1271 2538 atque

223 2567 350 2632 iterum
371 2567 515 2655 exsequi
534 2576 719 2648 noverunt,
738 2577 905 2656 tanquam
924 2564 1078 2657 penicilli
1098 2565 1213 2655 jactu,
1230 2585 1272 2631 ea

223 2680 455 2770 potissimum,
474 2705 551 2771 quae
578 2682 798 2751 intuentibus
819 2704 939 2750 carum
962 2680 1094 2772 aliquid
1112 2703 1154 2748 ac
1173 2679 1274 2748 fami-

223 2794 308 2863 liare
339 2796 375 2862 in
401 2797 536 2865 animos
561 2808 749 2876 revocent;
779 2799 935 2866 tenuiter
960 2797 1107 2864 fortasse
1133 2803 1172 2863 et
1200 2794 1274 2863 lan·

222 2909 341 3001 guide,
367 2910 429 2978 sed
451 2921 617 2980 revocent
643 2923 774 2982 tamen.
828 2912 909 2981 Hoc
930 2911 1018 2980 illud
1037 2920 1102 2992 est,
1120 2920 1162 2979 ut
1187 2910 1272 2978 mihi

224 3008 372 3114 quidem*
386 3027 536 3106 videtur,
556 3030 650 3119 quod
666 3027 884 3120 Virgilianus
901 3027 961 3096 ille
980 3028 1024 3096 de
1041 3027 1168 3117 apibus
1186 3026 1274 3095 liber

225 3147 325 3208 tanta
342 3139 528 3210 dulcedine
546 3144 681 3212 animos
699 3145 803 3234 capit.

276 3253 462 3325 Hactenus
479 3259 523 3326 de
541 3257 705 3347 ἀναλογίᾳ
723 3257 795 3340 illa,
813 3282 890 3348 quae
916 3267 1013 3329 recte
1030 3281 1071 3328 ac
1089 3259 1182 3326 bene
1202 3280 1271 3326 ser·

226 3379 307 3439 vata
332 3370 388 3438 vel
415 3374 572 3441 maxime
598 3374 738 3442 videtur
765 3396 841 3443 esse
868 3375 904 3441 in
931 3397 1045 3455 causa,
1067 3396 1130 3442 our
1155 3373 1275 3441 Poetis

226 3484 416 3576 aliquando
441 3511 512 3555 non
539 3487 729 3557 infeliciter
754 3490 898 3558 cesserit
915 3511 1030 3579 opera,
1049 3510 1156 3578 quam
1183 3511 1276 3558 surn-

225 3621 321 3668 mam
342 3601 523 3691 posuerint
548 3603 584 3670 in
609 3604 745 3671 curiosa
768 3602 828 3671 illa
854 3604 992 3693 pictura
1018 3624 1136 3670 rerum
1160 3625 1276 3692 neque

226 3714 291 3783 sibi
317 3738 383 3783 nec
407 3717 477 3785 suis
500 3740 655 3807 unquam
675 3719 839 3786 visarum.
895 3717 1003 3786 Nunc
1025 3719 1069 3785 de
1090 3716 1204 3786 altero
1222 3741 1277 3786 ca-

225 3829 300 3919 pite
326 3831 519 3912 videamua,
542 3833 636 3922 quod
661 3832 705 3901 ad
733 3833 874 3901 eosdem
902 3833 1077 3922 pertinere
1102 3832 1274 3902 dicebam.

227 3943 403 4036 Magnum
433 3946 541 4015 habet
570 3948 717 4037 poeticae
747 3947 926 4016 facultatis
957 3958 1219 4038 argumentum,
1249 3949 1276 4017 si

226 4057 314 4128 fides
332 4058 495 4141 Horatio,
510 4064 678 4153 “proprie
697 4064 899 4132 communia
917 4062 1031 4132 dicere
1044 4062 1072 4132 :’'
1098 4064 1201 4133 nobis
1218 4087 1278 4133 au·

226 4181 300 4241 tem
318 4174 423 4244 hodie
442 4178 700 4265 quodammodo
718 4177 966 4246 invertendum
984 4179 1051 4246 erit
1068 4178 1105 4247 id
1123 4202 1278 4271 praecep-

227 4296 315 4368 tum,
334 4297 440 4380 atque
458 4289 544 4359 illud
569 4292 686 4381 potius
704 4293 740 4360 in
759 4291 863 4362 laude
881 4294 1084 4384 ponendum
1102 4295 1278 4387 scriptori·
