2768 4876
169 310 233 376 740
391 307 556 394 Virpib'um
571 307 697 391 mircflcc
711 305 769 370 sibi
783 315 916 369 madore
926 331 948 367 .·.
992 325 1217 367 rnnnxxxvn.

172 480 278 562 lente,
297 481 391 572 quod
408 481 519 560 aiunt,
539 478 721 549 Minerva:
748 479 800 546 ita
816 486 948 560 tamen,
966 485 1007 545 ut
1024 475 1124 561 nullo
1150 499 1220 544 non

172 606 332 686 tempore
350 594 479 687 effugia
497 595 561 664 sibi
581 602 755 685 quaereret
772 617 793 663 e
809 614 848 661 re
865 590 960 662 civili
978 599 1015 660 et
1033 590 1162 661 bellica
1183 593 1219 660 in

171 733 252 780 rura
272 734 335 780 sua
352 720 389 780 et
407 710 624 792 solitudines,
643 718 680 778 et
704 708 827 778 solatio
852 708 917 777 sibi
943 707 1103 788 haberet,
1121 709 1220 798 siqua

171 826 351 895 incidisset
378 826 529 896 Naturae
555 826 690 895 mentio
702 824 914 914 t-denique
931 821 1081 891 AEneam
1107 823 1219 892 abeo

170 964 241 1010 non
268 941 337 1011 alio
356 942 428 1010 fere
446 941 565 1033 effingi
591 941 745 1020 modulo,
763 963 804 1009 ac
822 939 929 1030 siquis
946 937 1101 1007 officiose
1119 940 1219 1007 undi-

172 1079 240 1146 que
264 1058 437 1149 indagarit
465 1080 506 1125 ea
529 1080 609 1147 quae
635 1058 679 1126 ad
703 1079 886 1148 personam
911 1055 1130 1146 pertinerent
1153 1077 1218 1122 nec

172 1195 286 1241 caram
306 1173 372 1241 sibi
390 1196 455 1241 nec
472 1173 564 1241 bene
582 1174 759 1265 cognitam
773 1180 799 1241 ⁸.

221 1286 308 1356 Haeo
336 1286 415 1368 Ille,
441 1299 479 1357 et
508 1287 609 1379 plura
635 1289 778 1379 quidem
806 1287 996 1378 ejusmodi:
1030 1309 1100 1354 non
1131 1284 1218 1353 levis

170 1412 266 1472 certe
287 1418 419 1484 auctor,
439 1405 577 1493 quoties
594 1404 765 1496 agebatur
783 1402 838 1471 vel
860 1403 904 1470 de
926 1424 965 1470 re
989 1401 1142 1492 poetica,
1161 1400 1216 1468 vel

169 1519 213 1587 de
232 1519 357 1588 studiis
374 1541 495 1587 eorum
510 1520 570 1609 qui
588 1527 709 1587 amant
727 1517 873 1586 flumina
889 1525 927 1586 et
943 1516 1067 1608 sylvas.
1107 1515 1217 1586 Vide-

168 1634 214 1702 tis
240 1643 360 1702 autem
387 1635 462 1725 ejus
493 1635 704 1703 sententiam
733 1634 913 1724 aptissime
936 1634 1107 1723 quadrare
1134 1655 1216 1701 cum

168 1750 209 1818 iis
228 1772 305 1839 quae
324 1751 368 1818 de
386 1749 539 1843 Virgilio
565 1751 726 1844 proxime
744 1757 826 1818 sunt
844 1749 1032 1839 disputata.
1086 1749 1217 1839 Neque

166 1865 202 1932 in
229 1865 283 1935 his
309 1866 407 1956 quasi
434 1867 589 1958 auguriis
615 1865 806 1957 quidquam
833 1871 894 1932 aut
925 1864 1085 1954 ineptum
1114 1865 1216 1932 video

166 1989 229 2049 aut
248 1981 320 2048 veri
339 2004 478 2072 prorsus
497 1981 673 2050 dissimile.

216 2096 289 2166 Sed
312 2107 386 2166 erat
410 2109 596 2190 praeterea,
614 2100 707 2189 quod
730 2099 765 2166 in
789 2097 855 2167 hac
875 2120 913 2165 re
931 2097 1065 2165 dictum
1085 2095 1215 2165 vellem

165 2210 291 2280 hodie:
321 2215 451 2304 quippe
477 2236 520 2281 eo
547 2212 776 2283 vehementer
803 2213 990 2304 pertinens,
1016 2222 1059 2281 ut
1084 2213 1216 2282 intelli-

165 2327 268 2417 gatis,
287 2326 478 2420 Virgilium
504 2329 653 2397 inomni
680 2330 868 2420 scriptione
894 2330 1023 2397 mirum
1041 2338 1214 2420 quantum

166 2441 232 2509 sibi
251 2453 431 2515 constare:
461 2467 530 2535 qua
548 2467 618 2513 una
634 2445 790 2514 maxime
808 2446 1010 2514 continetur
1026 2453 1156 2527 nostra,
1174 2454 1215 2514 ut

166 2557 217 2626 ita
245 2558 370 2638 dicam,
398 2558 567 2628 formula:
600 2558 774 2630 Omnibus
803 2559 967 2629 videlicet
996 2582 1037 2628 ac
1067 2559 1215 2650 singulis

167 2669 297 2754 Poetis,
325 2674 385 2763 qui
412 2675 554 2764 quidem
578 2676 651 2744 nati
678 2698 748 2744 non
776 2674 859 2744 facti
885 2676 964 2752 sint,
988 2675 1096 2744 fuisse
1120 2677 1214 2745 unde

166 2789 312 2878 quisque
330 2787 485 2857 hauserit
502 2789 629 2858 Poesin
648 2812 757 2871 suam,
771 2790 903 2858 velute
922 2790 1029 2869 fonte,
1048 2790 1123 2882 ipse
1140 2791 1214 2882 ple·

164 2926 314 2993 rumque
332 2907 480 2974 inscius:
497 2902 616 2998 fuisse
633 2929 780 2997 semper,
794 2929 865 2974 non
883 2928 1021 2997 semper
1038 2907 1074 2974 in
1094 2907 1214 2976 oculos

165 3019 352 3087 incurrere.
406 3019 549 3087 Etenim
577 3042 748 3110 ponamus
771 3019 843 3088 tale
867 3020 1009 3111 aliquid,
1028 3019 1133 3111 quale
1150 3045 1213 3091 nos

164 3133 270 3201 modo
284 3136 446 3226 augurati
461 3156 590 3202 sumus.
618 3134 723 3204 Subit
736 3135 830 3203 illico
844 3135 1029 3204 admiratio
1041 3137 1211 3225 quaedam,

165 3270 228 3314 cur
239 3245 403 3339 Augusto
417 3258 490 3317 tam
510 3251 650 3339 penitus
664 3273 701 3318 se
715 3251 889 3319 addixerit
900 3249 1083 3343 Virgilius,
1096 3251 1210 3343 Impe-

164 3363 271 3430 ratori
286 3362 406 3445 Poeta,
425 3365 622 3435 umbratilis
641 3367 939 3458 negotiosissimo;
968 3389 1048 3456 quae
1066 3369 1210 3437 tandem

165 3474 325 3542 extiterit
344 3484 443 3544 tanta
466 3479 733 3549 necessitudinis
751 3504 865 3550 causa.
918 3480 1047 3572 Neque
1065 3483 1161 3552 enim
1183 3485 1212 3552 is

164 3590 242 3672 luit,
266 3591 381 3671 credo,
403 3590 585 3685 Virgilius,
608 3597 667 3685 qui
696 3595 749 3664 vel
776 3620 923 3666 munera
948 3598 1099 3666 ambiret
1125 3601 1211 3690 pub-

164 3704 242 3786 lica,
262 3704 318 3772 vel
336 3728 380 3773 ex
398 3708 504 3775 animi
531 3712 583 3777 sui
610 3713 785 3780 sententia
801 3713 1041 3802 frequentaret
1059 3714 1158 3784 aulas
1174 3725 1209 3782 et

165 3819 286 3888 limina
316 3822 536 3912 principum:
577 3848 691 3915 neque
721 3827 809 3894 adeo
840 3828 1002 3897 immanis
1033 3838 1070 3897 et
1101 3831 1210 3921 impe·

165 3937 276 4004 riosus
301 3934 497 4028 Augustus,
518 3940 578 4028 qui
605 3948 704 4008 metu
731 3940 848 4032 aliquo
873 3944 1033 4035 graviore
1060 3945 1207 4016 Poetam

165 4050 272 4119 vellet
290 4051 325 4118 in
344 4075 492 4142 pensum
511 4055 669 4124 odiosum
688 4057 840 4148 adigere.
893 4058 988 4140 Quin
1011 4062 1207 4140 statuimus,

234 4303 247 4330 ²
260 4294 328 4348 Vide
338 4295 460 4351 Remulos
473 4301 506 4368 os
511 4301 543 4352 R.
555 4302 590 4354 H.
603 4302 711 4364 Fronde,
726 4311 745 4356 t.
758 4304 784 4356 ii.
799 4317 859 4373 317,
874 4305 935 4373 318.
955 4304 1042 4358 Lond.
1058 4306 1136 4375 1838.
