2768 4876
169 351 258 392 rann.
268 350 371 392 xxxn.
414 327 520 413 Ipsina
534 327 571 392 do
584 347 643 392 atta
658 327 853 410 Philosophia
867 329 1074 394 testimoninm.
1151 330 1216 401 659

169 501 258 584 leni,
275 501 372 592 quod
389 499 426 568 in
443 499 521 581 hoc,
539 501 634 592 quod
652 495 817 582 diximus,
834 523 965 593 genere
987 502 1160 571 immenso
1177 511 1215 571 et

169 615 303 685 infinito
335 624 494 685 versetur
523 615 745 706 potissimum
780 615 856 706 ejus
887 616 949 684 viri
985 615 1213 708 philosophia.

169 730 262 804 Hinc
279 731 386 800 toties
403 731 596 821 repetitum
614 728 702 798 illud
714 724 733 809 ¹,

307 875 381 946 Ergo
391 874 481 930 vivida
491 874 532 929 vis
544 874 627 928 animi
638 875 756 944 pervicit,
768 893 801 928 ex
813 883 887 928 extra

306 961 437 1016 Processit
448 962 528 1032 longe
538 960 703 1015 flammantia
713 960 813 1014 moenia
824 960 932 1023 Mundi,

304 1048 393 1120 Atque
404 1065 484 1102 omne
495 1048 659 1101 immensum
671 1047 821 1117 peragravit
831 1054 920 1100 mente
932 1048 1082 1118 animoque.

172 1177 286 1262 Porro,
308 1202 385 1271 quae
410 1181 566 1250 maxime
592 1203 648 1250 res
674 1181 843 1273 magistro
869 1177 965 1249 laudi
992 1180 1111 1260 fuerit,
1130 1204 1212 1250 ean·

173 1293 245 1363 dem
264 1296 369 1365 docet
385 1294 565 1386 discipulis
582 1296 657 1366 fore
675 1293 804 1365 solatio
815 1305 852 1362 ¹¹¹.

306 1439 459 1512 Diffirgiunt
471 1441 554 1494 animi
565 1450 695 1505 terrorem
714 1441 813 1494 moenia
823 1440 919 1494 mundi

306 1525 447 1580 Dissiliunt
454 1548 463 1590 ;
482 1535 570 1581 totum
582 1526 659 1582 video
671 1544 718 1596 per
732 1526 815 1580 Inane
827 1528 884 1596 geri
895 1545 947 1580 rer.

304 1613 420 1683 Apparet
433 1614 534 1668 Divum
546 1631 656 1676 numen,
669 1612 797 1685 sedesque
809 1613 913 1684 quieta,

306 1699 380 1757 Quas
392 1717 479 1772 neque
491 1700 648 1754 concutiunt
659 1699 741 1762 venti,
754 1716 840 1771 neque
852 1699 945 1753 nubila
958 1699 1057 1753 nimbis

304 1786 485 1858 Adspergnmt,
498 1805 584 1859 neque
596 1787 643 1840 nix
655 1787 709 1840 acri
720 1794 843 1840 concreta
855 1787 953 1856 pruina

307 1871 379 1926 Cana
391 1873 488 1928 cadens
500 1875 590 1939 violat,
601 1891 758 1945 semperque
770 1872 908 1926 innubilus
920 1872 1003 1926 aether

307 1959 413 2031 lntegit,
425 1969 452 2014 et
462 1962 535 2031 large
548 1960 646 2014 diffuso
658 1960 759 2014 lumine
771 1958 846 2012 ridet.

171 2098 304 2170 Deinde
334 2100 542 2194 gratulatur,
571 2101 663 2169 duce
692 2123 735 2169 eo
763 2108 871 2189 atque
902 2097 1097 2178 inventore,
1123 2094 1214 2166 viam

171 2225 286 2305 patere
314 2239 385 2285 non
413 2216 449 2284 iu
478 2215 619 2284 excelsa
644 2215 769 2297 solum,
792 2236 914 2283 verum
940 2215 1048 2282 etiam
1074 2214 1110 2280 in
1136 2236 1215 2303 pro-

170 2331 275 2401 funda
292 2342 329 2401 et
347 2334 477 2403 abdita.

305 2478 362 2532 Nec
373 2478 465 2532 Tellus
477 2477 574 2540 obstat,
587 2474 652 2548 quin
665 2477 755 2530 omnia
767 2474 941 2544 dispiciantur

306 2563 363 2617 Sub
374 2562 488 2632 pedibus
501 2579 667 2634 quaecunque
678 2561 748 2614 infra
759 2579 806 2630 per
818 2561 896 2614 inane
908 2568 1046 2629 geruntur.

306 2648 356 2702 His
368 2648 417 2703 tibi
429 2667 472 2702 me
483 2648 564 2702 rebus
576 2647 700 2720 quaedam
712 2647 802 2702 divina
812 2649 934 2717 voluptas

304 2736 427 2807 Percipit,
439 2746 518 2808 atque
529 2736 634 2799 horror,
648 2736 721 2808 quod
733 2736 771 2789 sic
783 2735 888 2789 Natura
899 2744 946 2788 tua
957 2735 984 2788 vi

302 2824 370 2878 Tam
382 2825 522 2878 manifesta
532 2833 604 2894 patet
616 2842 648 2877 ex
660 2823 734 2876 omni
745 2831 819 2892 parte
831 2829 936 2875 retecta.

213 2970 375 3053 Habetis,
394 2970 612 3052 Academici,
631 2971 752 3040 Poetae
778 2972 885 3063 ipsius
904 2971 1076 3040 disertum
1103 2992 1211 3060 prope

167 3087 206 3156 de
232 3111 270 3156 se
295 3089 435 3178 suisque
459 3087 671 3156 carminibus
697 3086 952 3156 testimonium.
1004 3085 1114 3153 Plana
1134 3086 1211 3175 jam

166 3223 216 3273 res
234 3213 298 3273 est.
351 3201 551 3272 Addixerat
577 3225 614 3271 se
637 3202 789 3293 Epicuro
815 3224 886 3270 non
912 3201 1017 3270 aliam
1035 3202 1147 3292 magis
1165 3201 1210 3268 ob

165 3337 313 3396 causam,
341 3338 448 3405 quarn
479 3313 573 3405 quod
603 3314 697 3406 apud
732 3315 825 3384 illius
856 3315 1025 3384 familiam
1053 3317 1211 3407 egregias

164 3432 226 3500 sibi
253 3432 347 3499 visus
373 3441 428 3498 est
456 3431 607 3521 reperire
634 3429 831 3524 φαντασίας,
859 3452 1006 3520 quarum
1035 3452 1101 3520 ope
1129 3453 1211 3498 con-

163 3545 324 3640 temptari
347 3555 466 3637 posset
486 3545 660 3614 infinitam
685 3545 783 3615 illam
801 3565 996 3637 vagamque
1020 3546 1209 3637 regionem,

163 3663 334 3731 immensa
358 3685 399 3731 ac
426 3662 542 3731 lucida
567 3663 689 3752 spatia,
711 3648 953 3730 incredibilem
980 3660 1208 3729 celeritatem.

164 3777 297 3847 Merito
315 3779 435 3869 itaque
448 3777 516 3846 llle
534 3777 755 3868 reponendus
773 3787 827 3845 est
845 3771 1046 3844 innumero
1058 3774 1209 3847 Naturae

162 3895 366 3974 ornantium,
384 3917 490 3984 quem
517 3894 560 3962 ad
588 3891 844 3983 philosophiam
871 3891 1102 3960 excolendam
1129 3915 1210 3959 evo-

163 4009 273 4078 carint
291 4032 334 4077 ea
351 4009 553 4100 praesertim,
570 4032 647 4098 quae
666 4008 866 4077 communia
886 4007 1094 4075 videbantur
1115 4006 1209 4075 illius

163 4124 393 4215 philosophiae
411 4147 493 4193 cum
512 4134 660 4192 externa
676 4122 742 4191 hac
759 4134 931 4190 terrarum
950 4131 986 4189 et
1004 4121 1076 4189 caeli
1093 4120 1190 4190 facie.

280 4360 380 4415 ¹Lucr.
398 4374 476 4432 ¹·73-
984 4368 1007 4396 ¹¹¹
1019 4376 1045 4428 3.
1062 4357 1102 4411 16.

645 4455 669 4503 U
691 4457 713 4502 u
734 4440 754 4500 2
