2768 4876
168 326 267 368 rnna.
282 328 370 368 xxvi.
419 307 486 385 Qua
501 317 595 371 mente
609 308 782 392 defloribtas
796 320 908 373 conant
924 313 1031 374 Poeta.
1157 315 1221 376 523

278 471 324 527 ἰ’ων
334 475 455 542 ξανθαῖσι
468 477 509 530 καὶ
520 477 721 549 παμπορφύροις
732 479 820 533 ἀκτῖσι
830 480 1006 550 βεβρεγμένος
1017 479 1099 551 ἁβρὸν

280 566 364 629 σῶμα·
383 561 413 616 τὸ
429 563 471 615 καὶ
489 564 662 633 κατεφάμιξεν
680 565 816 619 καλεῖσθαι
833 566 877 634 μὶν
891 568 978 639 χρόνῳ
990 565 1119 634 σύμπαντι
1137 568 1220 638 ματὴρ

314 646 382 702 τοῦτ’
395 647 466 718 ὄνυμ’
478 649 614 704 ἀθάνατον,

171 769 276 839 Nihil
301 772 371 841 vidi
397 775 548 856 suavius,
572 776 727 866 excipias
753 776 859 844 modo
887 774 1051 867 Spenseri
1078 800 1219 847 carmen

169 887 215 954 de
243 896 386 956 mortuo
413 889 556 958 Sidueio
583 889 911 959 consolatoriumm:
938 892 1038 982 cujus
1064 893 1219 961 animam

168 1012 279 1093 negat
297 1025 399 1093 posse
416 1004 516 1086 mori,
535 1005 617 1095 quia

417 1140 491 1193 Vivit
503 1149 602 1194 aeterno
614 1141 666 1210 pia,
679 1142 752 1204 vivit,
765 1160 822 1196 aevo

419 1227 531 1291 Umbra,
545 1228 644 1280 securis
657 1228 755 1281 fruitur
766 1228 844 1281 beata

418 1314 542 1367 Manium
554 1315 654 1383 campis
664 1334 670 1368 ι
689 1314 727 1367 ibi
739 1314 843 1368 delicati

630 1400 707 1453 More
719 1400 852 1472 modoque

420 1485 527 1539 Dormit
539 1485 655 1550 infantis,
668 1487 749 1540 modo
762 1488 808 1558 qui
821 1487 872 1540 diei

418 1570 570 1625 Candidum
582 1573 681 1642 carpsit
688 1572 777 1644 jubar.
815 1572 853 1627 01
867 1573 986 1644 quiescas

417 1658 544 1722 Molliter,
557 1660 600 1713 cui
613 1668 695 1713 strata
702 1660 793 1731 jacent
805 1660 888 1714 odoro

630 1746 696 1799 Lilia
707 1748 785 1810 lecto,

417 1833 469 1886 Cui
480 1851 549 1887 rosae
561 1834 670 1897 circum,
683 1842 833 1905 teneraeque
845 1836 934 1888 velant

416 1919 548 1981 Membra,
557 1919 725 1990 jucundum!
745 1921 822 1974 violae
829 1943 837 1984 ;
857 1938 943 1992 neque
955 1923 1010 1974 ullo

415 2005 546 2075 Tempore
558 2007 657 2060 aestivae
668 2015 740 2060 caret
752 2024 816 2060 aura
828 2007 923 2071 noctis,

628 2092 687 2146 Lux
700 2103 770 2147 caret
782 2095 860 2156 alma,

414 2179 517 2231 Alitum
530 2187 619 2242 cantu,
631 2177 764 2249 Superum
777 2180 888 2234 choreis.

415 2264 457 2317 En
467 2266 559 2328 melos,
572 2283 703 2336 vocesque
715 2283 801 2328 novae,
815 2265 862 2319 sed
874 2267 925 2335 ipsi

415 2347 474 2402 Rite
486 2351 598 2413 vocales,
611 2351 672 2404 licet
683 2351 727 2404 ille
739 2368 834 2404 somno

627 2437 749 2491 Dormiat
761 2439 823 2491 alto.

212 2580 361 2652 Vellem
388 2583 552 2672 equidem
577 2582 629 2652 fas
648 2592 741 2652 esset
765 2583 852 2652 mihi
871 2584 978 2652 verba
999 2584 1074 2674 ipsa
1102 2583 1215 2676 Spen-

162 2699 227 2768 seri
249 2698 415 2790 proferre,
430 2698 632 2790 dignissima
650 2722 743 2779 sane,
760 2723 840 2790 quae
859 2723 941 2768 eum
960 2699 1113 2770 Pindaro
1131 2725 1215 2770 con-

163 2814 272 2882 ferret
303 2812 438 2902 aliquis,
467 2837 509 2882 ea
536 2822 668 2894 mente,
688 2823 737 2889 ¹ut
764 2815 929 2906 exemplo
956 2817 1214 2885 demonstraret

163 2927 319 2997 officium
350 2951 448 3019 paene
476 2938 736 2998 sacrosanctum
762 2955 937 3022 germanae
966 2931 1140 3000 Poeseos:
1168 2932 1213 2999 si-

162 3043 308 3134 quidem
326 3043 514 3114 dicendum
532 3053 586 3113 est
608 3045 651 3113 ad
674 3069 752 3115 eam
776 3056 890 3116 artem
916 3046 1004 3115 nihil
1023 3046 1213 3115 vehemen-

162 3159 233 3229 tius
259 3160 445 3250 pertinere‚
464 3181 569 3248 quam
596 3170 637 3228 ut
662 3160 698 3229 in
723 3160 828 3230 altius
850 3163 1110 3251 quodammodo
1132 3184 1213 3230 eve-

162 3272 293 3342 hantur
321 3282 497 3364 quotquot
531 3284 614 3342 sunt
649 3275 846 3343 animorum
876 3283 1006 3353 motus,
1034 3274 1143 3342 immo
1174 3275 1210 3342 in

163 3399 300 3480 partem
319 3389 497 3458 divinioris
514 3388 742 3480 philosophia
763 3389 915 3456 veniant.

212 3503 339 3572 Nolite
356 3505 450 3572 enim
468 3514 602 3595 putare,
617 3505 708 3573 forte
723 3504 873 3594 quadam
892 3502 1038 3581 factum,
1050 3512 1091 3570 ut
1109 3512 1209 3572 tanto

164 3618 354 3688 Poetarum
385 3641 556 3688 consensu
587 3620 840 3689 adhiberentur
864 3619 961 3709 quasi
991 3618 1027 3686 in
1058 3618 1207 3688 tutelam

162 3756 351 3825 puerorum
379 3734 630 3804 dormientium
660 3735 763 3804 flores
794 3759 835 3804 ae
866 3734 960 3815 folia,
991 3734 1087 3802 verni
1118 3744 1209 3802 tem-

163 3852 253 3940 pon's
279 3848 440 3918 honores.
495 3849 590 3919 Nam
617 3859 743 3942 praeter
768 3861 958 3940 utrumque
981 3871 1101 3917 eorum
1121 3872 1208 3940 quos

164 3966 266 4035 modo
284 3966 520 4046 nominabam,
539 3968 668 4036 scimus
686 3968 832 4037 eandem
861 3965 957 4056 plebi
976 3986 1115 4054 quoque
1134 3964 1208 4054 pla-

523 4218 540 4239 ¹¹¹
554 4208 676 4277 Sponsor,
690 4209 837 4277 Astroptel.
