2768 4876
100 334 328 393 annana.
370 330 480 393 naam
495 331 637 394 nterea
650 350 717 394 aa
730 333 841 394 uana
854 289 963 394 aare.
1107 333 1171 397 ror

94 504 212 570 Cum
225 503 264 571 iis
276 524 353 592 quae
365 500 543 592 promittit
560 500 640 571 Vox
655 522 737 570 vere
751 499 879 580 divina,
893 502 1010 591 siquis
1028 509 1169 570 strenue

89 612 294 686 Pietatem
312 615 406 686 colat
417 630 444 684 Ζ.

266 760 347 820 Quod
360 759 408 814 Sol
418 767 498 831 atque
511 758 613 814 Imbres
626 758 742 823 dederat,
754 758 828 832 quod
838 759 920 813 Terra
932 769 1031 814 crearat

267 847 366 917 Sponte
378 863 435 910 sua,
448 845 512 900 satis
524 845 552 900 id
565 845 684 916 placabat
696 855 802 916 pectora
812 845 930 910 donum,

267 933 432 988 Glandiieras
444 933 513 986 inter
525 932 653 987 curabant
665 949 776 1002 corpora
787 949 901 1002 quercus

267 1019 440 1090 Plerumque:
460 1026 486 1073 et
498 1035 558 1089 quae
569 1034 642 1071 nunc
654 1016 766 1071 hiberno
778 1026 896 1086 tempore
908 1018 993 1070 cernis

266 1106 370 1161 Arbuta
382 1104 505 1160 Poeniceo
517 1103 573 1158 fieri
584 1113 689 1158 matura
700 1104 796 1167 colore,

267 1191 384 1246 Plurima
393 1201 460 1246 tunc
470 1191 560 1246 Tellus
573 1192 652 1245 etiam
663 1191 763 1262 majora
773 1190 888 1245 ferebat:

268 1278 406 1350 Multaque
417 1287 543 1348 praeterea
554 1278 658 1332 novitas
670 1287 729 1332 tum
741 1277 834 1331 florida
845 1275 941 1330 mundi

268 1365 367 1419 Pabula
379 1364 423 1418 dia
434 1365 503 1427 tulit,
516 1364 618 1417 miseris
630 1363 787 1417 mortalibus
799 1365 895 1432 ampla.

183 1502 238 1572 Ad
257 1502 518 1594 Philosophiam
536 1525 618 1570 vero
637 1503 730 1592 quod
754 1503 896 1583 attinet,
914 1501 1088 1572 sufficiant
1109 1502 1170 1572 illa

106 1609 235 1688 toties
251 1620 445 1709 repetita⁸:

336 1764 383 1818 Nil
395 1763 500 1818 dulcius
512 1772 561 1826 est,
573 1763 641 1817 bene
653 1780 734 1833 quam
746 1763 850 1816 munita
860 1771 949 1816 tenere

268 1848 347 1902 Edita
357 1848 477 1902 doctrina
490 1847 646 1917 Sapientum
658 1848 757 1917 templa
769 1865 869 1909 serena,

269 1935 409 2005 Despicere
421 1933 493 1988 unde
504 1951 586 2005 queas
598 1933 673 1995 alios,
685 1932 836 2002 passimque
848 1931 937 1986 videre

268 2020 371 2083 Errare,
383 2028 462 2091 atque
473 2019 544 2074 viam
556 2019 673 2088 palantes
686 2035 803 2088 quaerere
814 2018 883 2072 vitae.

127 2141 348 2225 Quantulum
377 2165 422 2212 ex
449 2142 504 2211 his
532 2142 599 2211 crit
627 2140 847 2222 mutandum,
874 2147 915 2208 ut
943 2140 987 2208 ad
1015 2147 1170 2207 nostram

127 2257 285 2350 regulam
303 2258 473 2350 dirigatur
489 2256 675 2337 sententia,
694 2256 797 2324 unice
822 2254 917 2324 illam
938 2276 1057 2322 veram
1075 2275 1173 2323 sano·
1195 2337 1214 2371 ,

129 2371 291 2462 tamque!
1148 2394 1157 2408 ·

178 2487 296 2558 Venio
314 2486 464 2577 denique
487 2488 530 2557 ad
557 2485 656 2567 illud,
675 2484 768 2576 quod
790 2485 878 2553 mihi
902 2506 1041 2575 semper
1057 2483 1171 2552 visum

127 2612 181 2671 est
206 2600 389 2693 permagni
416 2601 452 2668 in
482 2601 573 2669 hauc
603 2608 740 2692 partem
768 2598 951 2668 momenti.
1003 2597 1173 2681 Quamvis

127 2717 222 2784 euim
249 2715 459 2808 disputando
486 2723 593 2807 neget
618 2715 813 2796 Lucretius,
835 2723 949 2783 morte
974 2712 1071 2782 obita
1096 2736 1174 2803 per-

127 2853 271 2901 manere
298 2831 485 2922 quicquam
516 2830 720 2905 humanum,
744 2829 853 2898 habet
883 2838 1003 2897 tamen
1033 2835 1070 2896 et
1099 2829 1174 2918 ipse

127 2947 388 3037 quodammodo
419 2943 579 3013 Heroum
613 2967 754 3012 suorum
786 2941 943 3021 coucilia,
976 2940 1174 3032 Manesque

126 3069 359 3142 mortuorum,
377 3082 526 3150 quorum
552 3059 763 3151 imaginibus
781 3069 818 3126 et
835 3054 1019 3147 colloquiis
1038 3055 1094 3125 vel
1112 3080 1175 3147 per

127 3173 264 3245 somnia
285 3174 483 3242 mirandum
510 3175 546 3244 in
571 3173 715 3243 modum
736 3172 902 3241 delectari
921 3195 958 3241 se
976 3195 1046 3240 non
1064 3171 1174 3240 sernel

128 3289 312 3381 significat.
366 3286 602 3357 consideretis
620 3287 726 3356 modo
745 3285 862 3368 velim,
882 3309 951 3376 qua
969 3309 1072 3377 poena
1098 3309 1176 3354 san·

130 3405 207 3485 ciat,
226 3404 350 3493 nequis
365 3402 461 3472 Deos
479 3411 582 3493 putet
600 3403 704 3471 anxie
722 3401 886 3470 mortalia
903 3424 1025 3470 curare
1037 3397 1064 3466 b.

269 3542 337 3602 Quoe
351 3543 402 3597 nisi
413 3544 516 3614 respuis
529 3562 561 3597 ex
574 3543 671 3607 animo,
683 3544 815 3613 longeque
826 3543 947 3606 remittis,

269 3629 319 3684 Dis
331 3629 442 3700 indigna
453 3629 582 3699 putando,
596 3629 732 3700 alienaque
744 3628 815 3697 pacis
828 3645 928 3691 eorum,

269 3714 392 3769 Delibata
404 3715 453 3769 tibi
464 3733 511 3786 per
523 3724 549 3769 te
560 3715 610 3769 tibi
621 3715 733 3768 numina
745 3722 836 3768 sancta

269 3799 345 3870 Soepe
357 3799 470 3854 aderunt
477 3821 486 3863 ς
505 3818 560 3853 non
572 3799 645 3872 quod
657 3799 749 3854 violari
761 3817 866 3854 summa
882 3801 973 3856 Deum
984 3801 1024 3854 vis

270 3884 366 3948 Possit,
378 3893 409 3939 ut
421 3903 453 3938 ex
465 3885 504 3938 ira
516 3903 608 3955 poenas
621 3893 708 3954 petere
719 3885 831 3938 imbibat
842 3903 933 3948 acres;

270 3969 324 4025 Sed
336 3971 398 4042 quia
409 3979 466 4025 tute
477 3971 527 4025 tibi
537 3970 643 4042 placida
655 3989 716 4025 cum
729 3987 793 4041 pace
804 3971 909 4042 quietos

271 4055 426 4111 constitues
438 4074 549 4128 magnos
561 4057 661 4112 uarum
672 4057 777 4111 volvere
788 4057 903 4121 fluctus;

271 4141 329 4195 Nec
342 4140 452 4196 delubra
464 4141 554 4195 Deum
566 4140 669 4210 placido
682 4159 743 4195 cum
756 4151 860 4211 pectore
873 4142 966 4204 adibis,

201 4309 213 4338 2
235 4300 313 4354 Lucr.
328 4313 354 4368 5.
367 4316 428 4372 935.
651 4309 665 4338 ⁸
678 4319 702 4354 2.
717 4301 742 4353 6.
962 4301 976 4338 b
989 4301 1014 4354 6.
1028 4302 1070 4372 67.

604 4410 625 4457 z
643 4413 663 4457 z
682 4395 703 4457 2
