2768 4876
137 345 234 388 rnna.
244 345 336 387 xxiv.
358 320 528 404 Difficilius
541 321 579 384 dc
594 319 727 384 boethus
741 330 768 384 ct
782 318 917 383 incitatas
923 317 1092 401 ybdioiam.
1124 316 1188 387 469

139 496 310 576 bendum,
340 495 486 563 minime
519 493 683 583 cuiquam
716 491 880 582 denegari
910 490 1039 560 debere
1075 491 1186 560 sancti

141 611 246 702 hujus
274 609 425 679 nominis
452 609 622 678 honorem
651 614 795 698 propter
823 605 1005 675 instabiles
1032 604 1111 674 illos
1138 604 1188 674 af-

142 726 269 809 fectus
296 726 404 794 modo
432 748 513 794 vera
542 747 583 794 ac
613 724 749 793 sincera
777 723 820 791 ad
849 731 989 812 tempus
1020 721 1185 790 scribant.

144 842 321 910 Mananto
338 841 456 909 omnia
473 839 579 931 pleno
596 839 640 908 de
657 847 810 930 pectore.

193 957 267 1026 Sed
296 957 406 1024 oritur
431 956 489 1024 hic
515 955 584 1023 alia
608 954 764 1044 quaestio,
789 951 1002 1045 permolesta
1028 953 1088 1022 illa
1114 954 1190 1043 qui-

143 1073 236 1151 dem,
268 1071 313 1139 de
346 1070 421 1160 ipsa
450 1068 511 1138 illa
540 1068 699 1137 veritate.
756 1067 1065 1150 Quemadmodum
1095 1069 1189 1138 enim

144 1188 273 1280 vulgus
297 1185 501 1255 mortalium
524 1185 658 1253 varium
688 1205 827 1275 semper
851 1184 918 1252 erit
946 1194 983 1253 et
1008 1182 1189 1262 mutabile,

143 1305 194 1373 sic
228 1303 488 1395 ingeniosiores,
518 1300 710 1369 maximam
745 1308 892 1390 partem,
922 1301 1011 1369 mira
1040 1300 1191 1390 quadam

143 1427 222 1488 arte
239 1440 278 1488 se
295 1419 332 1485 in
347 1439 488 1486 omnem
507 1437 646 1507 prorsus
664 1414 831 1484 affectum
850 1425 986 1485 vertere
1004 1427 1190 1486 noverunt.

144 1535 240 1617 Quid
266 1541 483 1625 potestesse
509 1542 583 1601 tam
608 1531 743 1612 fictum,
763 1529 819 1617 (ut
845 1555 926 1601 cum
945 1532 1115 1602 Cicerone
1141 1533 1192 1602 lo-

144 1653 258 1741 quan)
273 1671 378 1740 quam
398 1669 528 1728 versus,
540 1670 644 1737 quam
663 1669 778 1728 scena,
793 1670 899 1737 quam
913 1649 1064 1719 fabulae?
1099 1650 1192 1718 Cum

142 1774 265 1834 autem
284 1763 435 1833 inomni
452 1785 581 1855 genere
600 1761 790 1831 Poetarum
814 1763 986 1854 plurimus
1004 1767 1192 1857 saepissime

145 1880 332 1950 dubitandi
365 1878 462 1947 locus
492 1879 546 1958 sit,
575 1877 729 1946 animine
754 1879 927 1969 quispiam
953 1881 1037 1971 quid
1064 1881 1194 1951 dixerit

144 2020 191 2066 an
215 1996 301 2065 artis
321 2017 436 2078 causa,
454 2002 530 2062 tum
558 2016 663 2062 nemo
684 1993 858 2077 cordatus,
876 2004 917 2064 ut
936 1998 1069 2086 opinor,
1088 2020 1194 2089 nega-

145 2112 200 2180 bit
218 2111 476 2181 dubitationem
492 2132 570 2178 eam
587 2109 632 2177 ad
647 2108 792 2200 Lyricos
809 2110 949 2201 proprie
962 2133 1003 2179 ac
1020 2113 1193 2202 praecipue

146 2226 335 2317 pertinere.
385 2221 537 2293 Facilius
561 2246 603 2292 ac
630 2223 843 2314 probabilius
865 2225 980 2295 multo
1001 2225 1098 2294 brevi
1120 2250 1193 2296 car-

146 2343 244 2410 mine
269 2340 481 2410 simulantur
502 2348 688 2409 commotae
713 2348 872 2422 mentes;
898 2351 1021 2412 contra
1037 2344 1098 2412 vix
1118 2345 1191 2414 fieri

146 2463 278 2546 potest,
295 2464 337 2524 ut
361 2463 482 2525 cantet
507 2454 634 2544 aliquis
663 2453 777 2523 aliena
802 2456 900 2545 quasi
923 2477 1010 2525 voce
1032 2466 1110 2527 toto
1134 2459 1195 2527 de-

145 2593 253 2639 cursu
281 2570 337 2639 vel
367 2570 485 2662 Epic-aa
513 2570 569 2640 vel
597 2570 754 2664 Tragicae
779 2570 917 2640 fabulae.
975 2572 1033 2642 Ne
1060 2574 1193 2644 multa:

146 2709 203 2756 res
231 2687 308 2778 ipsa
335 2687 449 2767 docet,
476 2687 641 2777 primum,
668 2685 793 2777 Lyrioo
821 2687 1043 2777 potissimum
1073 2692 1195 2782 generi-

146 2810 276 2893 praesto
300 2801 385 2882 fore,
411 2809 453 2870 ut
479 2822 555 2870 sese
579 2802 715 2893 fingant
741 2824 803 2891 pro
829 2810 990 2894 tempore
1016 2806 1069 2874 sui
1098 2807 1195 2876 dissi-

147 2917 270 2988 miles:
305 2918 443 2999 deinde,
466 2917 503 2985 id
528 2917 664 2986 minore
689 2916 764 2985 fieri
787 2919 932 3009 negotio
958 2919 994 2988 in
1017 2920 1087 2990 illis
1109 2946 1196 3013 prae-

145 3035 270 3102 sertim
300 3034 497 3104 animorum
529 3031 697 3112 motibus,
725 3032 785 3122 qui
820 3055 918 3103 acres
947 3035 1058 3127 magis
1088 3060 1194 3127 quam

146 3149 304 3218 diutumi
327 3148 442 3218 solent
463 3148 621 3218 evadere.
675 3147 806 3217 Molles
827 3149 1000 3239 siquidem
1021 3173 1064 3220 ac
1082 3153 1197 3222 teneri

146 3265 306 3347 affectus,
323 3265 384 3354 qui
409 3263 517 3333 semel
535 3263 696 3354 concepti
714 3262 830 3332 colore
848 3266 1001 3354 quodam
1027 3289 1090 3336 suo
1115 3268 1197 3336 reli·

146 3402 258 3470 quum
284 3380 365 3447 vitae
391 3377 544 3447 colorem
572 3377 726 3470 tingunt,
750 3377 811 3446 vix
837 3385 875 3446 et
897 3401 943 3448 ne
969 3381 1028 3448 vix
1052 3382 1196 3472 quidem

145 3519 169 3564 a
184 3495 352 3586 quopiam
375 3494 467 3563 bene
488 3494 573 3586 fingi
597 3501 752 3583 possunt,
771 3515 886 3583 neque
912 3495 948 3562 in
973 3496 1193 3576 carminibus,
1269 3550 1273 3555 .

145 3633 263 3700 neque
288 3610 325 3677 in
352 3610 492 3678 vivendi
518 3617 652 3678 tenore.
703 3607 824 3690 Quare
848 3608 1017 3703 elegiaca·
1035 3635 1112 3703 quse
1135 3635 1195 3680 vo-

146 3735 274 3795 cantur
303 3723 496 3804 cautilenae,
529 3723 634 3793 simul
669 3735 706 3792 et
741 3722 810 3792 illae
841 3748 918 3815 quae
948 3725 1069 3818 vigent
1102 3727 1196 3795 inter

147 3841 268 3922 Italos,
287 3861 436 3931 quarum
457 3838 673 3930 exemplaria
694 3838 791 3908 dedit
810 3839 865 3908 vel
888 3841 1000 3931 prima
1018 3841 1073 3909 vel
1097 3850 1195 3912 certe

146 3954 311 4048 primaria
333 3977 482 4048 magnus
505 3954 566 4023 ille
584 3953 761 4034 Petrarca,
779 3954 916 4024 facilius
934 3956 1194 4047 quodammodo

146 4082 184 4144 et
214 4071 346 4142 certius
376 4071 514 4167 docent,
545 4093 623 4160 quae
653 4070 699 4139 sit
732 4092 900 4162 germana
928 4071 1112 4142 scribentis
1141 4074 1195 4142 in·

146 4189 254 4270 doles,
272 4209 380 4278 quam
398 4185 467 4254 illae
484 4208 561 4276 quae
582 4185 781 4254 incitatione
799 4206 902 4253 cursu
920 4185 1090 4270 feruntur,
1107 4212 1196 4280 quas

143 4304 284 4398 proprio
302 4301 446 4382 nomine
463 4297 546 4391 ᾠδὰς
563 4300 740 4393 appellare
757 4321 833 4368 mos
850 4308 918 4369 est..
