2768 4876
166 304 229 371 760
238 306 402 392 Virgilium
417 307 755 390 mortchcretiisnrssc
770 313 1059 369 commetamur.
1074 327 1210 368 xxxvur.

167 481 365 550 discrimine
408 489 589 571 separetur
624 480 796 573 Virgilius
837 502 858 547 a
894 478 1073 547 Lucretio.
1144 476 1210 547 Cui

166 597 349 686 qnaestioni
382 596 465 665 licet
493 619 538 664 ex
569 594 685 686 aliqua
719 603 818 686 parte
853 595 937 663 satis
965 593 1042 684 jam
1073 593 1135 661 diu
1165 593 1210 661 sit
1257 611 1260 615 ·

166 714 311 796 facturn,
329 715 442 784 habeo
469 724 588 784 tamen
615 712 792 795 nonnulla,
819 736 895 805 quae
921 712 1067 781 fortasse
1093 734 1211 803 operae

166 831 319 920 pretium
336 832 403 899 erit
425 829 564 898 dixisse.

217 942 273 1013 Ac
299 945 450 1036 primum
478 943 566 1013 illud
592 967 661 1012 non
689 943 950 1026 omittendum
976 967 1022 1012 ne
1040 942 1210 1033 temporis

166 1060 308 1150 quidem
340 1069 377 1128 et
407 1060 474 1128 loci
509 1060 645 1128 ratione
675 1057 778 1128 facile
812 1057 888 1126 lieri
924 1058 1091 1149 potuisse,
1127 1057 1211 1147 quin

165 1174 318 1242 multum
334 1175 378 1244 de
394 1174 560 1243 Lucretio
578 1175 786 1265 cogitaverit
798 1172 980 1266 Virgilius,
995 1172 1211 1260 senseritque

165 1312 331 1359 arcanum
349 1290 437 1359 illud
461 1290 559 1381 quasi
578 1288 769 1371 vinculum,
787 1312 857 1379 quo
875 1291 968 1358 inter
984 1311 1022 1358 se
1039 1285 1212 1357 contineri

166 1404 281 1474 solent
314 1408 432 1499 magni
468 1407 504 1473 iu
539 1405 665 1474 eodem
704 1426 813 1495 prope
845 1426 976 1496 genere
1014 1403 1210 1493 scriptores.

167 1517 336 1589 Evenisse
371 1518 465 1588 enim
500 1517 684 1611 legimus³,
720 1525 761 1587 ut
796 1541 866 1608 quo
899 1540 992 1587 anno
1024 1515 1212 1585 Lucretius

166 1633 331 1714 Athenis,
349 1634 402 1702 uti
422 1632 609 1703 verisimile
635 1641 699 1715 est,
719 1642 870 1702 mortem
892 1633 1027 1714 obierit,
1053 1655 1095 1702 eo
1119 1653 1211 1701 anno

167 1748 339 1841 Virgilius
357 1749 540 1818 Cremonae
563 1750 751 1839 sumpserit
775 1747 913 1817 virilem
935 1756 1066 1842 togam,
1084 1746 1213 1816 deinde

166 1863 317 1933 Romam
336 1865 540 1955 perrexerit.
588 1862 677 1945 Quis
695 1871 814 1932 autem
838 1863 988 1943 dubitet,
1006 1860 1211 1954 Virgilium,

166 1977 275 2047 talem
286 1981 468 2070 juvenem,
485 1979 689 2071 gravissime
707 1988 925 2047 commotum
944 1977 1018 2046 fore
1042 1977 1078 2044 in
1096 1985 1213 2045 morte

167 2093 334 2175 Lucretii,
352 2094 583 2164 laudatissimi
604 2094 681 2184 jam
701 2092 841 2163 Poetae:
870 2093 1000 2162 nedum
1021 2115 1065 2161 ea
1085 2101 1212 2173 morte,

166 2231 270 2299 quam
299 2212 374 2301 ipse
404 2209 481 2290 sibi,
507 2211 535 2278 si
563 2232 644 2278 vera
671 2217 725 2278 est
755 2208 858 2290 fama,
885 2207 1120 2278 consciverit?
1155 2206 1212 2278 Ex

165 2325 292 2393 intimo
309 2335 406 2394 certe
424 2324 553 2393 affectu
577 2325 695 2405 animi,
714 2324 828 2415 siquid
846 2322 941 2393 aliud
960 2322 1211 2417 Virgiliaunm,

166 2463 308 2510 manare
332 2443 472 2510 videtur
494 2439 611 2510 flebile
634 2440 721 2509 illud
749 2461 900 2520 carmen,
919 2439 962 2508 de
988 2439 1213 2508 moestissima

164 2554 306 2624 illorum
325 2567 418 2626 sorte
426 2553 451 2637 ¹³,

564 2676 609 2746 qui
622 2675 672 2728 sibi
684 2674 788 2727 lethum

307 2760 430 2813 lnsontes
442 2778 564 2829 peperere
576 2777 667 2821 manu,
680 2760 821 2829 lucemque
834 2759 920 2827 perosi

306 2845 440 2915 Projecere
453 2847 563 2899 animas.
602 2844 691 2902 Quam
704 2847 800 2898 vellent
813 2845 909 2899 aethere
921 2845 950 2897 in
962 2846 1016 2897 alto

306 2929 333 2980 N
335 2946 387 2981 unc
400 2939 425 2982 et
438 2930 589 2998 pauperiem
602 2937 628 2981 et
640 2928 722 2982 duros
735 2929 849 2998 perferre
862 2928 981 2982 labores!

165 3057 363 3128 Credideris
384 3059 504 3139 ferme,
523 3060 643 3129 dedita
669 3082 775 3150 opera
800 3082 925 3128 canere
944 3058 1094 3128 Poetam
1117 3061 1208 3152 quod

164 3175 296 3244 auxilio
322 3177 367 3244 sit
393 3177 558 3245 adversus
583 3175 733 3245 molesta
758 3175 820 3244 illa
845 3176 1054 3258 Democriti,
1086 3200 1209 3246 necem

165 3291 229 3359 sibi
248 3291 505 3370 consciscentis,
524 3291 695 3381 praeconia
706 3301 730 3359 ⁰.

446 3434 591 3504 Postquam
604 3444 708 3489 matura
720 3446 836 3491 vetustas

304 3519 454 3573 Admonuit
466 3538 611 3574 memorem
623 3532 712 3576 motus
724 3524 894 3593 languescere
906 3523 1012 3585 mentis,

306 3605 406 3674 Sponte
419 3623 467 3660 sua
479 3606 551 3659 letho
563 3617 643 3676 caput
655 3609 750 3662 obvius
763 3609 860 3662 obtulit
871 3611 936 3677 ipse.

166 3745 311 3814 Poterat
329 3747 434 3815 etiam
455 3749 572 3816 animo
590 3748 665 3837 ejus
682 3748 857 3816 obversari
881 3757 1003 3838 aperta
1021 3758 1059 3815 et
1079 3748 1210 3818 directa

165 3860 371 3928 voluntariae
390 3863 513 3930 mortis
532 3859 824 3930 commendatiod.

412 4013 440 4066 Si
453 4023 527 4083 grata
539 4015 589 4068 fuit
602 4015 650 4068 tibi
662 4015 717 4067 vita
729 4023 856 4077 anteacta,
870 4016 1003 4085 priorque,

199 4227 213 4255 ⁸
232 4221 331 4272 Donat,
349 4221 400 4274 Vir.
418 4223 489 4289 terp.
504 4221 557 4274 vid.
573 4223 643 4274 Fast.
659 4223 758 4273 Hellen.
774 4238 798 4273 2.
816 4238 873 4290 193.
993 4223 1007 4257 h
1027 4224 1094 4276 AEo.
1109 4225 1134 4278 6.
1149 4243 1207 4295 434¹

165 4313 176 4340 c
196 4305 312 4374 Lucrsg.
330 4320 405 4371 1052.
513 4307 527 4343 ¹¹
546 4325 569 4376 3⁴
585 4309 644 4372 048.
