2768 4876
168 308 237 375 608
335 309 532 395 fflppolptce,
541 309 610 395 pt’oe
623 308 809 373 marmora
822 307 985 393 mnmhr.
1020 331 1213 372 ruuxxrx.

223 481 333 551 Porro
357 481 417 573 qui
445 479 681 574 Hippolytum
708 478 765 549 vel
788 481 903 550 amice
928 479 1134 562 admonent,
1153 478 1215 560 vel.

171 606 214 668 ut
239 597 348 666 iratus
373 606 484 688 pater,
501 604 650 666 onerant
669 595 846 675 conuiciis,
865 595 984 666 videte
1007 619 1055 666 au
1079 597 1218 688 utrique

170 713 209 781 in
234 711 359 783 iisdem
381 719 564 783 versentur
588 711 685 796 locis,
702 712 829 803 quibus
853 711 960 782 hodie
975 734 1120 804 quoque
1137 734 1218 781 rex-

168 835 277 897 antur
304 829 364 919 qui
400 829 572 919 pietatem
604 829 815 898 severiorem
844 826 979 896 colunt.
1032 825 1218 920 Principio,

171 943 327 1035 prudens
343 945 441 1013 venit
458 943 611 1013 famulus
622 952 658 1013 ¹1:

292 1075 362 1134 οἶσθ
375 1078 421 1134 οὖν
431 1081 568 1149 βροτοῖσιν
579 1077 609 1134 ὃν
621 1077 776 1147 καθέστηκεν
787 1083 882 1148 sopor-3

292 1168 381 1234 μισεῖν
398 1167 436 1219 τὸ
459 1186 603 1233 σεμνον,
622 1165 663 1219 καὶ
680 1165 718 1218 τὸ
741 1164 783 1234 pr)
807 1167 920 1219 πᾶσιν
942 1165 1063 1235 φίλον.

173 1279 265 1350 Mox
291 1280 336 1350 ab
362 1282 498 1351 infenso
518 1281 656 1351 Theseo
680 1281 838 1372 jactatur
863 1288 902 1350 et
927 1279 1017 1350 illud
1042 1280 1217 1372 opprobrii

170 1393 260 1478 loco,
271 1396 418 1488 jejuniis
434 1399 489 1466 uti
505 1418 589 1466 eum
607 1396 785 1490 religionis
802 1405 920 1490 ergof.

311 1541 347 1595 σὺ
359 1541 390 1609 δὴ
403 1540 511 1604 θεοῖσιν,
522 1541 558 1596 ὧν
568 1541 697 1612 περισσὸν
708 1541 743 1594 ὢν
753 1539 825 1609 ἆνὴρ,

308 1625 395 1697 frium
413 1627 450 1682 orl
462 1629 578 1699 σώφρων
589 1627 631 1680 καὶ
643 1631 725 1681 κακῶν
736 1624 861 1696 ἀκήρατος
868 1647 887 1690 3.
897 1667 904 1680 .
915 1667 940 1681 ..

309 1713 358 1781 ἤδη
371 1735 416 1766 νυν
427 1716 510 1783 αὔχει,
522 1713 564 1766 καὶ
576 1712 608 1767 δι’
621 1711 729 1783 ἅφῦχον
740 1715 824 1784 βορᾶς

310 1797 395 1854 σίτοις
406 1796 537 1866 καοὴλτυ’·
554 1797 656 1869 Ὀρφέα
668 1797 690 1853 τ’
702 1796 787 1853 ἄνακτ’
799 1798 866 1869 ἔχων

309 1882 430 1954 βόκχεικ,
442 1886 550 1938 πολλῶν
560 1883 716 1956 γραμμάτων
727 1890 806 1955 τιμῶν
817 1882 935 1941 smair·

311 1968 402 2042 e'ntly‘
415 1968 540 2042 ἐλήφθην,

220 2094 304 2163 Jam
322 2117 368 2164 ne
388 2097 521 2187 putetis
539 2095 776 2189 Hippolytum
802 2095 949 2187 proponi
974 2094 1012 2162 in
1038 2093 1218 2186 exemplar

172 2220 394 2302 praeposterae
419 2213 600 2303 cujusdam
631 2211 758 2281 indolis
782 2234 825 2281 ac
850 2209 954 2303 plane
981 2211 1144 2292 vitanda,
1170 2207 1218 2276 ri-

171 2326 257 2396 dete
276 2349 345 2417 quo
371 2327 470 2418 quasi
492 2326 599 2397 melle
623 2327 772 2420 scriptor
797 2335 977 2397 austerum
996 2324 1075 2406 illoc
1101 2324 1217 2396 condi-

171 2442 251 2510 erit.
302 2440 391 2524 Quis
407 2443 541 2533 pietate
557 2444 594 2511 in
611 2452 749 2535 patrem
765 2442 905 2535 gravior
915 2441 951 2512 ’ἓ

347 2576 548 2647 οῧμὴνφῖλουτ
557 2599 598 2648 γε,
611 2575 915 2648 κᾶτὶμᾶλλονῆφῖλουτ

347 2659 468 2730 κρύπτειν
479 2662 576 2717 δίκαιον
587 2663 645 2726 σὰς,
657 2662 747 2733 πάτερ,
759 2662 927 2733 δυσπραξίαν.

170 2772 310 2842 Theseo
331 2773 483 2864 denique
501 2774 558 2843 vel
581 2776 811 2846 moribundus
835 2798 907 2845 uon
932 2775 1038 2845 modo
1064 2799 1137 2845 uon
1156 2798 1217 2845 ex-

174 2889 317 2979 probrat
346 2888 499 2980 injurias,
531 2913 653 2960 verum
687 2892 796 2960 etiam
828 2893 941 2984 magis
974 2902 1218 2962 commovetur

172 3004 249 3094 ejus
265 3004 397 3087 dolore,
414 3028 520 3095 quam
538 3028 601 3075 suo
619 3029 763 3098 corpore
780 3006 873 3077 male
891 3006 1048 3077 mulcato
1059 3007 1081 3077 ⁸.

348 3139 443 3214 ᾤμωξα
454 3143 539 3197 τοίνυν
551 3145 592 3197 καὶ
604 3146 701 3214 πατρὸς
712 3145 879 3214 δυσπραξίας.

304 3236 337 3281 Α,
350 3227 494 3297 &citarista
508 3229 627 3297 δαίμονος
637 3229 822 3300 βουλεύμασιν.

316 3321 338 3367 1.
352 3313 373 3367 ὃ
385 3313 516 3371 &vorslar
527 3316 562 3370 σὺ
573 3316 653 3384 τῆσδε
665 3318 812 3387 συμφορᾶς,
824 3315 912 3387 Will‘

348 3399 432 3455 στένω
444 3424 476 3455 σε
485 3405 588 3470 μᾶλλον
599 3406 617 3471 ᾔ
625 3425 667 3473 με,
680 3405 725 3472 τῆς
736 3402 868 3473 ἇρωρτίας.

226 3518 335 3589 Porro
360 3529 481 3592 autem
506 3532 548 3592 ut
573 3525 609 3593 in
636 3525 833 3617 Hippolyto
860 3525 1086 3606 castimoniae,
1107 3524 1157 3594 sic
1182 3524 1217 3591 in

176 3633 264 3704 Ione
293 3634 414 3706 laudes
444 3648 618 3708 canuntur
647 3639 847 3709 solitudinis
877 3640 952 3730 ejus
981 3661 1022 3708 ac
1053 3662 1217 3721 recessus,

173 3773 246 3841 quo
271 3751 340 3820 fini
365 3752 490 3834 solent,
517 3756 577 3845 qui
606 3764 779 3847 perpetuo
805 3762 988 3824 versantur
1012 3755 1050 3822 iu
1076 3754 1217 3847 templis

173 3868 402 3937 sacrosanctis
426 3876 534 3959 atque
560 3869 596 3938 in
621 3893 659 3938 re
681 3870 808 3949 divina,
826 3869 998 3959 siquidem
1019 3869 1068 3959 pii
1089 3869 1217 3938 sancti·

172 4003 244 4071 que
258 3989 343 4050 sunt
360 3982 530 4054 homines.
583 3983 702 4053 Primo
723 4007 826 4053 mane
843 3984 996 4076 accingit
1017 4006 1058 4053 se
1076 3985 1217 4074 juvenis

189 4219 357 4292 “Himh
463 4225 555 4280 rlbrd.
568 4225 629 4297 961.
743 4226 909 4297 'still-97²·
1016 4225 1107 4279 tnta.
1124 4241 1199 4292 14²²·
