2768 4876
171 323 237 386 802
350 321 434 401 Quid
450 319 582 405 Virgilio
596 316 887 384 dederintbatr'aae
901 318 1021 384 bitere.-
1063 344 1220 387 punxi„

173 519 211 566 re
224 518 305 566 cnm
318 494 448 564 affectu
461 493 580 586 aliquo
596 496 756 587 graviore
769 504 920 565 maneat.
957 494 1064 565 Ruris
1075 498 1219 587 quidem

172 622 209 681 et
227 612 369 680 rusticae
387 611 436 680 rei
454 610 591 704 insigne
604 609 792 702 aliquando
810 634 881 702 prae
897 634 935 680 se
952 612 1021 681 fert
1039 613 1220 684 studium:

172 731 223 799 ita
240 738 370 808 tamen,
388 737 429 796 ut
447 749 586 819 semper
608 726 784 820 intelligas
803 728 930 796 versari
948 750 1031 797 eum
1048 728 1098 797 ibi
1116 731 1221 800 rusti·

172 846 329 913 cantium
355 844 474 934 potius
492 865 598 935 quam
616 843 771 934 ipsorum
788 844 980 935 agrestium
998 867 1117 925 more3
1148 844 1221 915 Ro-

173 982 266 1030 mam
285 961 410 1051 saepius
427 959 602 1050 cogitare;
624 956 781 1027 villulam
796 981 894 1028 suam
908 959 1086 1050 Laresque
1098 960 1219 1030 fovere

172 1099 242 1144 non
262 1086 335 1145 tam
353 1077 506 1166 ipsorum
525 1075 649 1166 gratia,
665 1096 770 1165 quarn
787 1083 896 1165 gratae
913 1075 1051 1164 quietis,
1069 1074 1219 1147 munda·

173 1216 248 1261 rum
279 1193 474 1284 epularum,
501 1202 538 1259 et
564 1192 593 1260 si
619 1213 699 1281 quae
726 1193 762 1260 id
788 1215 899 1284 genus
926 1192 1062 1263 deliciae
1091 1202 1219 1285 praesto

172 1317 282 1376 erant.
321 1307 442 1379 Verbo
461 1308 595 1376 dicam:
624 1308 657 1375 id
676 1308 769 1397 quod
789 1309 920 1376 veritus
937 1317 1013 1377 erat
1031 1310 1066 1376 in
1086 1310 1220 1401 seipso

173 1424 351 1515 Virgilius,
378 1422 560 1493 addiderat
584 1421 641 1491 hic
667 1444 704 1492 se
729 1423 825 1492 nulla
846 1422 1014 1515 religione
1033 1423 1217 1516 Epicureae

172 1540 312 1608 cuidam
346 1537 498 1619 familiae,
534 1561 649 1629 neque
683 1537 787 1607 aliam
825 1540 965 1607 vivendi
999 1539 1115 1632 legem
1151 1542 1217 1611 sibi

170 1664 408 1746 proposuerat,
435 1677 538 1745 quam
568 1664 608 1723 ut
634 1654 726 1724 dona
748 1656 927 1746 praesentis
953 1656 1057 1732 horae,
1084 1659 1218 1748 qualia-

170 1795 310 1863 cunque
328 1773 482 1852 tandem,
501 1770 605 1841 laetus
623 1780 773 1863 raperet.
812 1771 950 1862 Neque,
963 1780 1003 1840 ut
1018 1773 1216 1855 Lucretiae,

169 1891 287 1957 media
314 1888 497 1978 voluptate
522 1889 602 1978 angi
630 1911 667 1957 se
693 1888 810 1968 sentit,
830 1900 866 1955 et
891 1887 1038 1956 obscuro
1061 1890 1217 1979 quodam

170 2005 342 2073 desiderio
368 2016 537 2094 tanquam
562 2004 598 2070 in
622 2005 833 2071 immensum
854 2002 955 2071 trahi.
1008 2002 1105 2085 Quid
1124 2028 1218 2094 quae-

169 2121 272 2189 ritis?
297 2119 440 2188 hilarior
456 2127 511 2187 est
530 2118 645 2198 lrorno,
664 2120 873 2210 propiorque
891 2120 997 2211 vulgo
1014 2142 1137 2188 eorum
1157 2121 1215 2211 qui

171 2235 286 2305 Genio
304 2235 499 2326 indulgent,
512 2257 616 2325 quarn
635 2243 675 2302 ut
689 2236 835 2303 caritate
849 2235 999 2325 quadarn
1014 2236 1214 2304 absentium

170 2372 285 2418 rerum
314 2350 511 2429 duceretur,
531 2351 590 2439 qui
615 2371 747 2431 senene,
766 2371 786 2416 e
803 2359 921 2418 nostra
947 2349 1108 2431 formula,
1130 2373 1215 2441 prae-

168 2466 272 2556 cipue
290 2464 457 2534 Poeticus
474 2475 549 2534 erat
567 2465 759 2534 habendus.

219 2583 356 2652 Verum
383 2583 427 2650 de
447 2580 597 2650 Horatio
622 2583 775 2650 sentiant
798 2582 881 2672 quid
906 2581 1016 2649 velint
1042 2582 1215 2652 homines.

169 2699 262 2768 Illud
291 2700 412 2788 utique
439 2700 505 2766 erit
533 2700 568 2765 in
597 2697 755 2766 confesso
782 2698 954 2779 omnibus
974 2696 1127 2790 Virgilio
1154 2722 1214 2789 po-

169 2817 342 2885 tissimum
375 2814 520 2882 Latinas
554 2813 684 2893 literae,
717 2837 796 2904 quae
831 2822 910 2904 post
944 2837 1023 2881 euru
1062 2814 1213 2896 fuerunt,

169 2931 322 2998 colorem
358 2954 460 2998 suurn
495 2930 714 3020 formamque
749 2930 888 2998 debere.
953 2928 1082 3019 Neque
1118 2931 1211 2998 enirn

168 3071 237 3115 non
278 3047 320 3114 ad
356 3045 449 3113 illius
492 3045 673 3136 exemplar
712 3045 909 3134 composuit
950 3067 987 3111 se
1027 3047 1211 3135 quisquam

167 3164 334 3241 omniurn,
367 3163 425 3253 qui
460 3161 627 3230 inclinata
655 3162 733 3252 jam
764 3160 879 3228 Roma
913 3160 1126 3249 scripserunt
1157 3158 1212 3227 vel

169 3275 278 3366 Epioe
306 3276 358 3344 vel
388 3275 591 3344 Pastoralia.
646 3270 828 3344 Lucanum
856 3299 926 3343 uon
957 3275 1120 3366 excipio:
1152 3277 1211 3367 qui

168 3388 251 3458 licet
282 3391 405 3480 spiritu
437 3399 474 3458 et
504 3390 622 3458 indole
653 3391 779 3458 mirum
809 3399 980 3479 quantuni
1011 3412 1032 3457 a
1063 3389 1211 3481 Virgilio

167 3505 349 3596 discrepet,
369 3515 406 3574 at
424 3507 536 3574 fornia
554 3516 672 3573 tamen
693 3515 729 3572 et
748 3513 869 3573 tenore
890 3505 1063 3584 narrandi,
1082 3514 1119 3572 et
1139 3507 1211 3596 ipsa

168 3620 291 3710 saepius
322 3622 504 3690 verborum
530 3623 698 3712 junctura
729 3631 765 3689 et
796 3621 922 3700 sonitu,
955 3620 1075 3688 dedita
1106 3643 1212 3710 opera

167 3736 305 3804 videtur
323 3738 474 3805 eundem
493 3737 633 3805 imitari.

220 3850 338 3933 Porro,
369 3853 463 3943 quod
489 3854 611 3942 majus
642 3852 782 3943 Virgilii
819 3852 1038 3942 potissimum
1073 3853 1211 3943 scriptis

165 3966 320 4036 imbutos
346 3968 451 4036 fuisse
478 3967 626 4059 legimus
653 3966 844 4049 Quiritium
867 3967 1025 4056 juniores
1052 3968 1211 4057 aprima

168 4105 278 4170 usque
306 4086 465 4175 pueritia.
518 4083 576 4151 Sic
599 4083 849 4164 Quintilianus,
875 4083 909 4149 in
937 4082 999 4149 tali
1026 4105 1064 4150 re
1088 4096 1211 4152 auctor

166 4199 260 4263 ornni
286 4198 493 4287 exceptione
520 4196 640 4284 major.
693 4195 918 4286 “Optime²¹‚”
937 4196 1062 4286 inquit,
1083 4199 1210 4266 “insti-

587 4358 601 4384 ἃ
615 4348 708 4406 Quint.
725 4365 747 4399 1.
761 4362 786 4413 5.
