2768 4876
170 313 237 380 658
260 314 695 379 IawrotiranioNatarooim
706 315 843 400 qrcoesr'sso
853 312 1000 380 olidam
1016 336 1220 379 rannxxxn.

221 487 385 580 Denique
414 510 556 558 omnem
591 489 682 558 hano
711 487 855 580 Epicuri
884 491 982 581 quasi
1015 491 1217 560 machinam

169 605 282 696 agitat
307 603 441 695 alitque
464 604 583 673 neseio
600 627 678 695 quae
696 605 758 686 vis,
776 628 882 696 quam
901 605 961 696 qui
980 605 1127 675 fatalem
1145 627 1221 675 esse

169 729 311 813 negant,
326 743 443 790 veram
463 729 583 789 tame-n
601 721 770 802 sentiunt,
785 723 952 813 omnique
968 723 1131 814 potentia
1147 745 1222 792 ma·

162 837 299 926 joram:
329 835 391 927 qui
414 858 498 928 ergo
521 835 596 904 fieri
622 837 751 926 potuit,
773 837 858 927 quin
882 859 924 906 ea
950 859 987 906 se
1014 835 1221 919 delectaret,

169 951 228 1041 qui
251 951 476 1021 obscurarum
497 949 645 1020 Naturae
662 952 790 1020 virium
816 951 1088 1044 significationes
1114 952 1224 1044 longe

169 1067 311 1159 lateque
328 1068 500 1158 dispersas
521 1068 650 1158 cupide
675 1068 835 1158 accipere
860 1068 984 1138 solitus
1001 1077 1095 1138 esset
1113 1091 1135 1137 a
1152 1069 1224 1159 pri-

168 1184 235 1252 mis
247 1183 440 1274 pracsertim
453 1181 577 1251 annisi
602 1181 714 1253 Verbi
727 1184 859 1274 gratia:
880 1183 1112 1264 considerate,
1124 1208 1225 1275 quae-

167 1321 217 1380 sc,
227 1320 306 1388 quae
321 1297 498 1366 habentur
514 1298 590 1388 ipso
607 1299 720 1368 totius
737 1298 992 1390 disputationis
1009 1300 1158 1368 exordio
1177 1300 1227 1369 de

168 1436 265 1485 coeoa
281 1422 467 1482 ventorum
485 1421 662 1504 potestate
672 1409 701 1482 ¹³.

308 1559 450 1630 Principio,
462 1561 544 1614 Venti
555 1561 595 1615 vis
608 1561 728 1615 verberat
740 1561 821 1616 incita
832 1571 956 1631 pontum,

309 1643 488 1714 Ingentesque
499 1644 553 1698 mit
565 1662 655 1708 naves,
668 1653 694 1698 et
705 1644 799 1699 nubila
812 1645 916 1700 differt:

309 1727 449 1782 Interdum
460 1728 553 1798 rapido
565 1747 722 1799 percurrens
734 1729 842 1784 turbine
854 1749 963 1801 campos

307 1815 458 1869 Arboribus
470 1816 576 1886 magnis
589 1817 692 1879 sternit,
704 1825 862 1888 montesque
874 1835 1014 1887 supremos

308 1901 455 1972 Silvilragis
468 1909 545 1955 vexat
557 1901 663 1966 flabris3
682 1903 721 1956 ita
731 1903 843 1973 perfurit
855 1904 909 1957 acri

308 1986 378 2042 Cum
390 1987 507 2050 fremitu,
520 1988 647 2060 saevitque
658 1989 756 2043 minaci
768 2007 907 2043 murmure
918 1998 1027 2059 pontus.

308 2073 378 2128 Sunt
389 2073 472 2144 igitur
481 2073 562 2127 Venti
573 2073 701 2128 nimirum
713 2092 824 2144 corpora
836 2093 916 2140 coeca,

308 2159 378 2220 Quae
390 2177 471 2223 mare,
484 2177 545 2231 quae
557 2168 649 2224 terras,
662 2178 722 2231 quae
735 2160 849 2233 denique
861 2161 954 2215 nubila
965 2163 1023 2216 caeli

306 2245 434 2308 Verrunt,
446 2263 477 2299 ac
490 2245 579 2299 subito
590 2246 714 2300 vexantia
724 2247 831 2301 turbine
842 2255 956 2317 raptant.

165 2385 307 2455 Deinde
320 2408 402 2455 oum
416 2407 586 2476 aquarum
600 2386 750 2456 decursu
764 2410 839 2456 rem
853 2395 1044 2478 comparat,
1059 2387 1161 2458 velut
1178 2391 1220 2472 is,

167 2502 267 2593 cujus
290 2525 392 2572 aures
409 2501 500 2570 bene
519 2501 715 2584 didicerint,
734 2505 869 2595 optime
886 2505 1100 2574 concordare
1127 2506 1219 2575 soni-

165 2624 224 2685 tus
251 2615 426 2709 sylvarum
454 2615 641 2706 marisque,
671 2639 752 2685 cum
780 2618 921 2707 utrique
949 2617 1058 2686 insint
1087 2619 1220 2687 indicia

164 2755 236 2801 non
254 2733 361 2801 dubia
379 2732 505 2799 virium
524 2730 709 2822 plusquam
728 2731 973 2800 humanarum.

306 2877 363 2930 Nec
375 2876 475 2929 ratione
487 2875 575 2928 fluunt
587 2876 646 2939 alia,
659 2884 827 2946 stragemque
839 2883 999 2944 propagant,

306 2963 395 3022 Quam
407 2981 469 3016 cum
480 2963 568 3015 mollis
582 2980 658 3032 aquae
670 2963 754 3015 fertur
765 2970 861 3014 natura
872 2970 979 3030 repente

305 3050 426 3103 Flumine
437 3047 595 3111 abundanti,
608 3047 681 3118 quod
692 3049 773 3118 largis
786 3047 916 3101 imbribus
929 3055 1010 3116 auget

304 3136 446 3190 Montibus
459 3154 491 3188 ex
503 3136 562 3188 altis
575 3152 690 3202 magnus
703 3134 832 3188 decursus
845 3137 931 3204 aquai,

304 3222 445 3292 Fragmina
456 3221 598 3291 conjiciens
612 3222 756 3290 sylvarum,
769 3221 930 3290 arbustaque
943 3228 1025 3273 tota..
1039 3261 1064 3273 ..

304 3311 358 3364 Dat
371 3310 461 3364 sonitu
472 3326 570 3378 magno
583 3317 708 3378 stragem,
720 3307 855 3378 volvitque
868 3305 919 3359 sub
932 3303 1013 3358 undis

303 3395 422 3451 Grandia
434 3413 505 3457 saxa,
517 3395 579 3456 ruit,
593 3411 646 3465 qua
658 3393 786 3465 quicquid
798 3392 924 3446 fluctibus
937 3390 1037 3444 obstat.

304 3481 348 3535 Sic
360 3481 442 3550 igitur
454 3479 552 3533 debent
565 3480 645 3533 Venti
657 3497 764 3551 quoque
775 3479 883 3532 flamina
894 3477 964 3539 ferri,

304 3567 372 3626 Quae
384 3567 466 3620 veluti
478 3565 596 3620 validum
608 3566 717 3628 flumen,
732 3583 794 3619 cum
806 3563 973 3634 procubuere

303 3654 457 3713 Quamlibet
470 3654 498 3705 in
510 3660 620 3722 partem,
631 3652 745 3706 trudunt
756 3670 798 3705 res
811 3660 880 3713 ante,
894 3658 1032 3720 ruuntque

303 3740 451 3810 lmpetibus
463 3738 578 3791 crebris:
597 3737 731 3792 interdum
743 3738 843 3792 vortice
855 3746 926 3790 torto

303 3826 466 3895 Corripiunt,
479 3825 624 3894 rapidoque
636 3825 751 3878 rotantia
762 3824 870 3878 turbine
882 3832 996 3894 portant.

211 3978 427 4060 Quinetiam,
446 3976 482 4043 ni
506 3973 619 4054 fallor,
641 3973 775 4040 fatetur
797 3972 872 4063 ipse
892 3970 1091 4053 Lucretius
1110 3993 1216 4063 prop·

162 4104 259 4162 terea
282 4115 328 4172 se,
347 4114 465 4160 amore
483 4090 636 4180 quodam
662 4089 849 4177 praecipuo,
868 4087 904 4155 in
927 4086 1073 4178 Epicuri
1098 4096 1213 4156 castra

575 4316 682 4369 *Luca
699 4332 721 4368 1.
737 4328 796 4387 ²7²·
