2768 4876
163 330 260 372 rnna
273 330 351 370 xxv.
401 308 450 371 Dc
456 307 571 392 jq'cnis
584 330 760 394 magnorum
775 310 946 375 carminum
961 312 1069 376 initiis.
1152 315 1213 384 491

165 487 257 559 tum,
272 486 411 570 repetat
429 479 458 548 is
475 478 581 548 velim
599 481 770 550 memoria
786 481 905 574 magni
919 482 1089 572 cujusque
1102 484 1216 574 operis

167 593 282 677 initia,
300 601 473 683 quantum
491 593 634 684 quidem
658 617 701 663 ea
722 594 912 664 divinando
937 597 1073 686 assequi
1099 595 1215 666 liceat.

168 706 336 777 Inveniet
361 707 427 778 hac
453 707 533 800 lege
550 710 662 777 teneri
681 731 751 778 non
769 733 830 779 eos
847 709 962 779 solum
980 711 1040 802 qui
1058 711 1217 780 scribunt

168 824 335 906 carmina,
354 846 476 893 verum
495 825 603 894 etiam
623 826 823 916 omnesqui
846 826 963 917 aliquo
980 827 1088 895 modo
1105 826 1216 897 velint

168 939 302 1032 ingenii
333 938 469 1008 fructus
497 940 612 1021 edere,
639 948 680 1009 ut
709 940 825 1010 multo
854 941 991 1011 facilius
1020 941 1216 1032 meliusque

168 1077 223 1124 res
240 1056 422 1146 procedat,
440 1056 624 1126 exordium
642 1056 854 1125 ducentibus
871 1079 892 1125 a
909 1056 1047 1125 minuta
1064 1056 1215 1147 quadam

169 1178 280 1259 parte,
299 1192 405 1261 quam
423 1171 625 1241 universum
642 1171 741 1261 quasi
763 1193 881 1240 rerum
902 1172 1023 1240 orbem
1041 1172 1217 1263 complec-

169 1285 338 1355 tentibus.
375 1283 529 1354 Memini
542 1283 707 1376 equidem
724 1307 783 1354 me
800 1287 924 1377 saepius
938 1286 1123 1369 audivisse,
1134 1310 1215 1356 cum

169 1401 329 1471 dicerent
345 1402 517 1494 ingeniosi
531 1402 605 1484 viri,
617 1403 900 1472 commodissime
917 1402 1097 1471 informari
1114 1426 1216 1494 posse

163 1516 346 1607 juniorum
373 1516 516 1610 stylum,
542 1517 570 1587 si
597 1539 652 1586 res
677 1518 722 1587 ad
748 1518 1000 1610 disputandum
1026 1519 1216 1609 propositae

163 1631 357 1722 jejuniores
375 1655 481 1723 quam
498 1631 649 1703 laxiores
666 1655 743 1703 esse
761 1633 965 1703 videantur:
995 1634 1125 1724 quippe
1142 1657 1217 1704 rec-

169 1747 239 1816 tius
257 1756 296 1816 et
313 1748 515 1839 expeditius
533 1747 660 1816 deduci
680 1771 782 1839 posse
799 1771 875 1818 rem
893 1771 1069 1840 quamque
1086 1750 1131 1819 de
1148 1749 1216 1817 sin-

168 1861 361 1954 gularibus,
381 1885 459 1954 quae
481 1871 609 1932 vocant
634 1863 751 1956 logici,
776 1865 821 1933 ad
847 1865 1018 1944 universa,
1040 1886 1145 1955 quam
1171 1864 1217 1932 de

169 1977 341 2046 universis
366 1977 410 2046 ad
437 1976 635 2070 singularia.
688 1976 746 2046 Ac
768 1978 886 2047 neseio
911 1999 993 2046 sane
1019 2001 1063 2047 an
1089 2000 1132 2047 ea
1157 1976 1216 2046 lex

169 2091 416 2162 vehementius
432 2113 573 2183 quoque
598 2093 774 2182 pertineat
799 2093 844 2161 ad
863 2091 1002 2175 Poesin,
1020 2116 1090 2183 quo
1112 2091 1217 2162 latius

169 2207 261 2297 apud
281 2229 360 2275 eam
379 2207 582 2276 dominetur
604 2207 786 2277 oculorum
809 2209 918 2277 etiam
938 2231 1009 2277 non
1035 2208 1142 2278 animi
1163 2230 1218 2277 so-

169 2319 235 2391 lius
246 2321 442 2412 judicium:
461 2344 610 2413 quornm
628 2322 742 2393 omnis
758 2323 938 2414 provincia
955 2323 1100 2416 singulis
1113 2323 1217 2393 rebus

170 2437 383 2506 continetur.

219 2550 352 2643 Neque
371 2574 454 2621 vero
470 2553 722 2644 amplissimam
740 2551 861 2622 Poetis
879 2552 1096 2644 denegamus
1113 2552 1218 2622 liber·

170 2673 293 2747 tatem,
308 2689 379 2756 qua
395 2688 443 2747 se,
462 2689 604 2756 quoquo
623 2666 743 2746 velint,
762 2664 955 2733 effundant.
1008 2664 1096 2747 Quis
1122 2667 1217 2734 enirn

169 2782 283 2851 nescit
308 2779 462 2850 alacrem
488 2780 597 2861 illam,
614 2780 835 2861 indefessam,
854 2780 1028 2848 infinitam
1046 2781 1117 2848 vim
1143 2803 1218 2850 me·

168 2896 304 2976 moriae,
322 2917 391 2986 qua
408 2894 523 2965 solent
541 2896 635 2964 inter
651 2917 688 2964 se
706 2893 863 2986 colligari
889 2895 985 2962 miris
1010 2895 1124 2964 modis
1143 2917 1218 2963 orn-

169 3010 226 3080 nia
251 3009 323 3093 illa,
342 3034 423 3102 quae
446 3009 503 3079 vel
528 3009 615 3079 locis
637 3009 693 3079 vel
716 3008 936 3099 temporibus
962 3008 1087 3077 iisdem
1113 3008 1216 3091 facta,

170 3122 274 3207 dicta,
293 3132 491 3216 conspecta,
510 3125 712 3215 excogitata
732 3122 888 3192 fuerint?
941 3120 1054 3192 Verbi
1079 3125 1215 3215 gratia:

169 3261 336 3308 coronam
366 3237 563 3330 oleaginam
594 3240 714 3328 ecquis
743 3238 817 3307 ullo
845 3245 1006 3328 tempore
1032 3240 1218 3329 conspexit

171 3362 332 3422 veterum
349 3353 548 3435 Graiorum,
565 3376 636 3421 non
661 3362 826 3422 revocata
851 3354 971 3422 statim
990 3350 1156 3421 Herculis
1180 3362 1217 3422 et

170 3466 349 3560 Olympiae
374 3468 568 3537 memoria?
595 3468 655 3558 qui
673 3470 779 3537 modo
797 3467 906 3537 semel
928 3467 1101 3536 audiverit
1118 3467 1219 3536 fabu-

169 3580 367 3663 laminam,
386 3605 492 3674 quam
509 3584 663 3652 narravit
681 3582 812 3651 alicubi
831 3580 1013 3662 Pindarus,
1032 3583 1077 3651 de
1094 3583 1218 3651 arbore

168 3695 229 3766 illa
245 3697 362 3789 primo
379 3695 479 3766 illata
494 3696 531 3766 in
550 3697 732 3779 Graeciam,
751 3719 796 3766 ne
814 3697 907 3765 desit
923 3719 1015 3765 novo
1033 3698 1218 3766 certamini

169 3813 329 3905 proprius
342 3834 384 3881 ac
400 3810 564 3904 perennis
581 3812 713 3882 honos
747 3811 961 3904 intelligitis,
975 3812 1108 3903 opinor,
1119 3812 1217 3882 nullo

169 3924 406 4020 negotiatrix
432 3927 623 4019 quidquam
650 3929 724 3998 fore
754 3928 791 3996 in
819 3949 936 3996 rerum
963 3934 1100 4008 natura,
1123 3929 1217 4018 quod

170 4064 240 4111 non
257 4040 421 4111 similiter
437 4041 628 4133 pertinebit
654 4044 699 4112 ad
722 4043 876 4133 aliquam
902 4043 975 4111 sive
997 4041 1153 4111 fabulam
1172 4042 1217 4111 de

172 4156 359 4235 veteribus,
379 4176 441 4223 seu
459 4155 726 4226 similitudinem
745 4154 789 4225 de
806 4154 1091 4248 elegantioribus.

221 4269 366 4342 Scilicet
397 4270 534 4341 infinita
560 4273 710 4363 quadam
740 4272 801 4340 sed
834 4271 981 4340 obscura
1007 4271 1095 4341 serie
1122 4273 1217 4340 necti
