2768 4876
244 1419 598 1504 PRAELECTIO
627 1423 914 1505 VIGESIMA
946 1423 1144 1504 SEXTA.

621 1731 767 1743 ,-

179 1964 307 2036 Virqiliru,
319 1968 377 2037 ipro
390 1975 461 2032 terte,
473 1969 623 2022 [maelium
641 1969 730 2022 hobed
747 1969 906 2038 magristrum.
942 1967 1114 2022 Acnumerun'
1125 1967 1214 2022 debere

207 2072 259 2107 erim
271 2055 378 2119 nutico,
390 2073 441 2109 rou
453 2063 566 2119 actuoso,
580 2057 718 2110 Poetarum
729 2055 827 2124 uereri.
863 2053 1002 2107 AEueidcm
1013 2054 1120 2124 scripsit
1131 2054 1214 2108 invito

207 2140 387 2209 quodammodo
398 2142 535 2196 Miremur
555 2143 600 2212 qui
606 2142 718 2212 primum
730 2141 826 2211 inipso
838 2141 928 2194 AErrcc
934 2140 1157 2210 penitiusriycat,
1170 2140 1213 2194 de-

205 2227 264 2282 iude
274 2246 372 2299 suuper
383 2231 457 2282 loetru
468 2229 604 2299 lubensque
611 2229 639 2282 ic
647 2228 757 2282 Naturoe
769 2228 912 2297 tranquillo
922 2243 951 2279 se
960 2226 1079 2296 recipiat,
1082 2233 1214 2297 postremo

205 2330 246 2366 rec
257 2313 363 2368 bellicus
373 2332 400 2367 sc
406 2332 518 2384 prorsus
529 2314 613 2368 odisse
624 2315 759 2383 riquiflcel.

253 2507 313 2580 Es
342 2513 418 2601 ipsa
445 2511 558 2592 docet,
588 2518 669 2602 post
699 2509 905 2580 Lucretium
936 2508 1107 2577 tentanda
1137 2531 1213 2579 esse

274 2625 492 2720 Virgiliana;
521 2627 683 2718 primum,
702 2627 785 2717 quia
808 2625 977 2715 temporis
1002 2633 1039 2693 et
1065 2623 1133 2692 loci
1159 2647 1214 2694 ra·

171 2741 264 2810 tione
290 2743 450 2832 proxime
471 2744 564 2811 inter
588 2764 625 2811 se
647 2741 918 2833 conjunguntur.
970 2735 1100 2830 Neque
1117 2740 1211 2809 enim

170 2855 335 2926 credibile
352 2867 415 2938 est,
434 2858 509 2926 sine
526 2856 614 2926 serie
632 2855 782 2946 quadam
801 2864 966 2945 certaque
992 2853 1071 2946 lege
1096 2855 1213 2945 prodi-

168 2971 234 3041 isse
259 2972 296 3040 in
323 2972 439 3042 lucem
460 2973 610 3041 eximios
627 2993 785 3062 quosque
803 2970 952 3039 Poetae:
979 2969 1085 3037 modo
1111 2969 1212 3039 nobis

168 3084 273 3156 liceat
298 3087 500 3178 conjectura
529 3109 608 3156 eam
638 3086 813 3178 augurari,
840 3107 886 3154 ex
916 3083 1034 3174 aliqua
1061 3082 1115 3152 vel
1146 3084 1212 3153 mi·

168 3201 263 3271 nima
287 3211 398 3292 parte.
449 3202 529 3271 Nisi
550 3201 641 3271 forte
664 3202 756 3270 ferat
778 3198 905 3290 aliquis
922 3199 1120 3279 docentem,
1137 3197 1213 3268 bel·

166 3314 280 3384 lorum
298 3316 441 3407 quidem
459 3319 584 3399 eximo,
602 3337 796 3410 regumque
822 3323 860 3384 et
885 3315 1016 3384 ducum
1043 3313 1210 3394 fortunae,

167 3431 223 3500 via
239 3439 277 3499 et
295 3432 416 3500 ordine
430 3432 627 3524 gubernari,
646 3429 780 3500 nullam
805 3438 925 3499 autem
952 3428 1125 3498 rationem
1150 3429 1212 3498 ha-

166 3544 240 3613 beri
274 3568 406 3627 eorum,
436 3547 496 3637 qui
529 3546 671 3640 ingenio
702 3545 868 3634 librisque
901 3543 1110 3634 profuerunt
1138 3567 1210 3613 non

165 3659 271 3729 modo
297 3661 459 3731 relatibus
489 3663 570 3742 suin,
596 3683 719 3730 verum
745 3659 854 3729 etiam
880 3659 975 3727 omni
1001 3658 1209 3748 posteritati.

165 3774 362 3846 Durissima
387 3798 470 3846 sane
491 3777 622 3867 opinio,
639 3784 676 3844 et
695 3776 754 3844 vix
770 3772 945 3843 humana!
971 3795 1077 3864 quam
1103 3773 1131 3842 si
1154 3796 1209 3844 re·

158 3889 311 3979 jioimuS,
328 3892 487 3982 sequitur
506 3890 610 3972 illico,
630 3891 690 3960 vix
707 3911 809 3981 posse
828 3888 953 3958 deduci
972 3888 1210 3959 commodiore

164 4004 222 4074 filo
248 4007 299 4074 rei
322 4008 469 4097 poeticae
494 4006 709 4076 mutationes
734 4012 772 4074 et
797 4004 1154 4096 incremer1to,quam
1180 4005 1209 4073 si

165 4121 241 4210 quis
266 4119 472 4212 simpliciter
498 4130 697 4211 temporum
716 4118 874 4206 ordinem
901 4124 1077 4215 sequatur,
1129 4117 1209 4201 Quo

164 4232 235 4302 fere
257 4234 409 4304 formula
434 4259 496 4306 nos
520 4235 573 4305 usi
595 4256 725 4315 sumus,
744 4232 780 4300 in
803 4231 869 4307 huo
887 4229 1122 4324 qualicunque
1140 4231 1209 4301 dis-
