2768 4876
174 333 239 400 652
370 334 524 400 Delectari
538 334 717 399 Iaccrctiom
731 334 851 421 irpinito
868 333 984 398 aetlere.
1014 355 1110 397 rnen.
1122 355 1224 399 xxxn.

174 505 334 576 terminis
359 507 615 598 circumscripti
640 507 770 578 mirum
788 513 961 598 quantum
985 528 1023 576 se
1046 504 1225 576 delectare

175 621 298 706 soleat,
328 622 428 714 quasi
459 623 518 713 qui
550 622 661 693 libero
691 645 732 693 ac
763 621 879 693 soluto
909 645 1014 693 cursu
1044 622 1164 691 emitti
1190 643 1226 692 se

175 738 315 819 sentiat,
333 745 370 807 et
388 738 469 808 ferri
491 761 555 830 per
571 738 784 809 immensum
803 738 936 809 Inane:
963 761 1043 830 quae
1060 739 1153 808 ratio
1170 746 1225 809 est

175 853 251 945 ejus
268 853 459 946 voluptatis
478 851 521 944 (si
540 863 660 925 tamen
677 878 719 925 ea
737 853 899 946 voluptas
920 861 974 924 est
998 853 1223 946 appellanda)

175 992 244 1060 qua
262 969 427 1039 fruuntur
452 992 641 1062 puerorum
667 971 864 1063 praesertim
885 971 1004 1054 animi,
1021 971 1164 1062 quoties
1188 971 1225 1040 in

174 1084 317 1177 specula
342 1085 463 1176 quavis
489 1085 629 1156 excelsa
654 1086 777 1178 positis
803 1087 902 1156 venit
927 1086 964 1155 in
989 1094 1163 1169 mentem,
1184 1093 1225 1156 ut

174 1201 225 1284 fit,
244 1201 430 1292 dejiciendi
447 1223 534 1285 sese,
552 1209 659 1294 atque
684 1202 861 1273 insiliendi
879 1203 917 1271 in
934 1201 1031 1273 Aera
1049 1210 1224 1294 apertum,

172 1340 404 1409 vacuumque.
457 1317 674 1411 Hujusmodi
692 1327 788 1390 certe
806 1318 997 1414 φαντασίαν
1013 1341 1085 1410 prae
1111 1341 1151 1390 se
1176 1320 1227 1389 fe·

173 1441 256 1504 runt
273 1456 324 1516 ea,
343 1434 470 1525 quibus
491 1443 758 1528 argumentatus
775 1445 851 1505 erat
872 1435 991 1527 paullo
1009 1436 1173 1527 superius
1189 1435 1226 1505 in

174 1552 299 1621 eodem
317 1551 361 1620 de
378 1550 515 1620 infinito
533 1551 646 1642 spatio
664 1573 825 1622 sermone
836 1547 862 1620 ¹¹.

562 1705 591 1760 si
599 1706 655 1778 jam
668 1673 774 1760 finiam
786 1672 963 1760 coerceatur

314 1792 404 1847 Omne
416 1791 489 1864 quod
501 1800 541 1846 est
553 1793 678 1862 spatium,
691 1793 714 1846 si
727 1791 787 1863 quis
799 1799 937 1862 presumat
949 1790 984 1846 ed
996 1808 1056 1846 oras

314 1880 433 1934 Ultimus
446 1887 585 1942 extremas,
594 1879 726 1950 jaciatque
737 1878 843 1934 volatile
855 1879 947 1942 telum,

315 1964 347 2019 ld
359 1964 452 2020 validis
464 1974 556 2020 utrum
569 1973 722 2020 contortum
734 1964 837 2020 viribus
849 1965 887 2019 ire

313 2051 376 2111 Quo
387 2051 467 2106 fuerit
479 2053 593 2106 missum
604 2052 698 2116 mavis,
710 2052 842 2123 longeque
853 2051 951 2114 volere,

311 2139 356 2192 An
367 2138 507 2209 prohibere
519 2138 619 2209 aliquid
632 2156 732 2201 censes,
745 2138 903 2209 obstareque
914 2140 1011 2207 posse?

310 2226 478 2280 Alterutrum
490 2225 594 2279 fatearis
606 2225 687 2289 enim,
701 2240 844 2295 sumasque
857 2240 964 2278 necesse
976 2230 1025 2286 est,

312 2312 437 2372 Quorum
449 2320 593 2383 utrumque
604 2312 654 2366 tibi
665 2311 796 2384 effugium
807 2310 955 2381 praecludit,
968 2317 995 2364 et
1008 2310 1099 2365 Omne

313 2399 392 2470 Cogit
404 2408 435 2453 ut
446 2407 568 2468 exempta
579 2398 702 2452 concedis
715 2398 767 2452 fine
779 2407 875 2468 patere.

312 2485 340 2540 N
341 2505 385 2541 am
397 2486 452 2540 sive
464 2494 505 2540 est
516 2485 625 2557 aliquid,
638 2484 710 2558 quod
722 2484 869 2556 prohibeat,
882 2484 1040 2556 afficiatque,

313 2574 376 2634 Quo
387 2575 472 2629 minu’
485 2590 538 2644 quo
550 2574 664 2628 missum
677 2575 712 2627 'st
724 2574 821 2636 veniat,
833 2573 932 2643 finique
944 2574 1013 2626 locet
1025 2590 1063 2636 se,

313 2660 374 2715 Sive
386 2660 456 2713 foras
469 2659 559 2723 fertur,
573 2668 680 2713 nonest
693 2678 723 2713 ea
735 2659 791 2713 fini'
804 2659 930 2729 profecto.

312 2748 373 2802 Hoc
386 2755 463 2817 pacto
476 2764 579 2818 sequar,
593 2755 671 2818 atque
683 2764 743 2800 oras
754 2746 908 2817 ubicunque
920 2746 1014 2799 loceris

311 2836 460 2899 Extremas,
472 2852 589 2907 quaeram
601 2833 667 2905 quid
678 2836 731 2888 telo
744 2833 857 2904 denique
869 2833 923 2886 fiat.

312 2923 369 2977 Fiet
381 2923 421 2977 uti
432 2939 566 2995 nusquam
578 2922 663 2991 possit
676 2920 819 2975 consistere
831 2919 900 2982 finis,

311 3008 502 3080 Effirgiumque
513 3009 585 3079 fugae
597 3009 709 3078 prolatet
721 3007 797 3077 copia
809 3023 921 3075 semper.

170 3159 242 3242 Qui
267 3158 334 3227 ista
360 3157 499 3241 cecinit,
527 3157 631 3227 facile
656 3179 739 3226 eum
766 3154 985 3235 crediderim,
1014 3153 1107 3224 sicut
1134 3177 1221 3246 puc-

170 3296 247 3344 rum
266 3274 331 3344 sub
349 3274 417 3356 dic,
429 3296 510 3343 oum
529 3273 712 3365 voluptate
728 3295 792 3364 per
809 3279 986 3341 extremas
1003 3293 1123 3340 rerum
1142 3291 1219 3340 oras

170 3390 367 3482 exspatiari,
385 3391 461 3481 ipso
479 3390 580 3459 liberi
597 3391 748 3483 vagique
764 3390 919 3480 impetus
936 3409 1067 3456 amore.

219 3504 325 3588 Quid,
336 3507 430 3597 quod
447 3506 584 3575 incaelo
603 3529 665 3575 seu
682 3504 835 3574 nubibus
850 3510 973 3595 operto
990 3502 1064 3572 sive
1083 3500 1218 3591 liquido

167 3627 205 3689 et
230 3642 353 3690 sereno
379 3628 454 3690 tam
480 3621 607 3712 cupide
632 3643 771 3711 semper
798 3619 921 3712 defigit
947 3615 1094 3688 oculos?
1122 3614 1217 3706 quod

168 3734 403 3804 delectatione
428 3735 545 3804 satiari
572 3757 643 3803 non
663 3741 791 3825 potest,
811 3733 948 3825 quoties
974 3730 1218 3822 aspiciendum

166 3858 221 3919 est
238 3850 335 3920 “hoc
361 3851 511 3921 sublime
537 3849 719 3929 candens,''
738 3857 779 3918 ut
801 3871 883 3918 cum
906 3846 1022 3917 Ennio
1048 3845 1217 3937 magistro

166 3966 241 4057 ejus
267 3965 413 4058 loquar?
466 3965 588 4058 Atque
615 3965 723 4034 etiam
744 3964 898 4056 quodam
927 3962 1006 4032 loco
1033 3961 1155 4030 mirari
1180 3981 1217 4031 se

164 4082 226 4164 ait,
244 4105 313 4173 quo
334 4083 478 4154 tandem
500 4083 561 4154 fiat
587 4090 701 4174 pacta,
720 4090 761 4151 ut
779 4080 852 4150 ullo
874 4088 1034 4171 tempore
1053 4076 1216 4148 desinant

578 4342 680 4396 blrucr.
698 4359 720 4396 1.
736 4340 796 4412 967.
