<?xml version="1.0" encoding="UTF-8"?>
<!DOCTYPE html PUBLIC "-//W3C//DTD XHTML 1.0 Transitional//EN"
    "http://www.w3.org/TR/xhtml1/DTD/xhtml1-transitional.dtd">
<html xmlns="http://www.w3.org/1999/xhtml" xml:lang="en" lang="en">
 <head>
  <title>
</title>
<meta http-equiv="Content-Type" content="text/html;charset=utf-8" />
  <meta name='ocr-system' content='tesseract 3.04.00' />
  <meta name='ocr-capabilities' content='ocr_page ocr_carea ocr_par ocr_line ocrx_word'/>
</head>
<body>
  <div class='ocr_page' id='page_1' title='image "./depoeticaevimed00keblgoog_0183.png"; bbox 0 0 2768 4876; ppageno 0'>
   <div class='ocr_carea' id='block_1_1' title="bbox 162 297 1207 386">
    <p class='ocr_par' dir='ltr' id='par_1_1' title="bbox 162 297 1207 386">
     <span class='ocr_line' id='line_1_1' title="bbox 162 297 1207 386; baseline -0.006 -19"><span class='ocrx_word' id='word_1_1' title='bbox 162 297 1207 386; x_wconf 65' lang='lat' dir='ltr'>ssaAdamouiqmopodPtadmmMaooommmnxm.</span> 
     </span>
    </p>
   </div>
   <div class='ocr_carea' id='block_1_2' title="bbox 164 462 1219 2968">
    <p class='ocr_par' dir='ltr' id='par_1_2' title="bbox 302 462 946 622">
     <span class='ocr_line' id='line_1_2' title="bbox 303 462 927 537; baseline -0.006 -16"><span class='ocrx_word' id='word_1_2' title='bbox 303 467 450 521; x_wconf 73' lang='grc' dir='ltr'><strong><em>ὑπάντασεν</em></strong></span> <span class='ocrx_word' id='word_1_3' title='bbox 460 465 526 520; x_wconf 80' lang='grc' dir='ltr'>ίόντι</span> <span class='ocrx_word' id='word_1_4' title='bbox 536 467 585 536; x_wconf 77' lang='grc' dir='ltr'>γᾶς</span> <span class='ocrx_word' id='word_1_5' title='bbox 596 465 720 537; x_wconf 84' lang='grc' dir='ltr'>ὀμφαλόν</span> <span class='ocrx_word' id='word_1_6' title='bbox 729 462 790 536; x_wconf 81' lang='grc' dir='ltr'>παρ’</span> <span class='ocrx_word' id='word_1_7' title='bbox 802 463 927 533; x_wconf 77' lang='grc' dir='ltr'>ἀοίδιμον,</span> 
     </span>
     <span class='ocr_line' id='line_1_3' title="bbox 302 548 946 622; baseline -0.005 -17"><span class='ocrx_word' id='word_1_8' title='bbox 302 551 485 620; x_wconf 80' lang='grc' dir='ltr'>μαντευμάτων</span> <span class='ocrx_word' id='word_1_9' title='bbox 495 549 517 606; x_wconf 83' lang='grc' dir='ltr'>τ’</span> <span class='ocrx_word' id='word_1_10' title='bbox 530 550 656 622; x_wconf 71' lang='grc' dir='ltr'>ε’φάφατο</span> <span class='ocrx_word' id='word_1_11' title='bbox 668 552 824 622; x_wconf 77' lang='grc' dir='ltr'>συγγόνοισι</span> <span class='ocrx_word' id='word_1_12' title='bbox 835 548 946 621; x_wconf 79' lang='grc' dir='ltr'>τέχναις.</span> 
     </span>
    </p>

    <p class='ocr_par' dir='ltr' id='par_1_3' title="bbox 164 658 1215 2017">
     <span class='ocr_line' id='line_1_4' title="bbox 215 658 1211 754; baseline 0.001 -21"><span class='ocrx_word' id='word_1_13' title='bbox 215 659 345 754; x_wconf 83' lang='lat' dir='ltr'>Neque</span> <span class='ocrx_word' id='word_1_14' title='bbox 362 684 446 732; x_wconf 86' lang='lat' dir='ltr'>vero</span> <span class='ocrx_word' id='word_1_15' title='bbox 464 660 557 732; x_wconf 90' lang='lat' dir='ltr'>solos</span> <span class='ocrx_word' id='word_1_16' title='bbox 575 684 636 732; x_wconf 90' lang='lat' dir='ltr'>eos</span> <span class='ocrx_word' id='word_1_17' title='bbox 654 683 742 753; x_wconf 91' lang='lat' dir='ltr'>quos</span> <span class='ocrx_word' id='word_1_18' title='bbox 759 659 877 730; x_wconf 89' lang='lat' dir='ltr'>colere</span> <span class='ocrx_word' id='word_1_19' title='bbox 897 658 1035 731; x_wconf 79' lang='lat' dir='ltr'>solebat</span> <span class='ocrx_word' id='word_1_20' title='bbox 1052 660 1211 734; x_wconf 83' lang='lat' dir='ltr'>universa</span> 
     </span>
     <span class='ocr_line' id='line_1_5' title="bbox 165 774 1212 869; baseline -0.004 -20"><span class='ocrx_word' id='word_1_21' title='bbox 165 778 353 849; x_wconf 86' lang='lat' dir='ltr'>Graiorum</span> <span class='ocrx_word' id='word_1_22' title='bbox 383 778 507 869; x_wconf 87' lang='lat' dir='ltr'>pietas,</span> <span class='ocrx_word' id='word_1_23' title='bbox 538 799 601 848; x_wconf 88' lang='lat' dir='ltr'>seu</span> <span class='ocrx_word' id='word_1_24' title='bbox 629 777 728 847; x_wconf 85' lang='lat' dir='ltr'>Deos</span> <span class='ocrx_word' id='word_1_25' title='bbox 758 777 832 847; x_wconf 86' lang='lat' dir='ltr'>sive</span> <span class='ocrx_word' id='word_1_26' title='bbox 863 774 1011 859; x_wconf 86' lang='lat' dir='ltr'>Heroas,</span> <span class='ocrx_word' id='word_1_27' title='bbox 1042 784 1150 847; x_wconf 87' lang='lat' dir='ltr'>vocat</span> <span class='ocrx_word' id='word_1_28' title='bbox 1177 777 1212 845; x_wconf 94' lang='lat' dir='ltr'>in</span> 
     </span>
     <span class='ocr_line' id='line_1_6' title="bbox 164 890 1213 985; baseline -0.001 -22"><span class='ocrx_word' id='word_1_29' title='bbox 164 901 304 985; x_wconf 89' lang='lat' dir='ltr'>partem</span> <span class='ocrx_word' id='word_1_30' title='bbox 322 893 540 983; x_wconf 87' lang='lat' dir='ltr'>quotidianae</span> <span class='ocrx_word' id='word_1_31' title='bbox 564 892 646 962; x_wconf 78' lang='lat' dir='ltr'>vitae</span> <span class='ocrx_word' id='word_1_32' title='bbox 666 890 799 975; x_wconf 79' lang='lat' dir='ltr'>Poeta3</span> <span class='ocrx_word' id='word_1_33' title='bbox 826 892 911 984; x_wconf 93' lang='lat' dir='ltr'>quin</span> <span class='ocrx_word' id='word_1_34' title='bbox 936 898 976 961; x_wconf 83' lang='lat' dir='ltr'>et</span> <span class='ocrx_word' id='word_1_35' title='bbox 1000 892 1130 982; x_wconf 89' lang='lat' dir='ltr'>cuique</span> <span class='ocrx_word' id='word_1_36' title='bbox 1154 891 1213 962; x_wconf 89' lang='lat' dir='ltr'>ad·</span> 
     </span>
     <span class='ocr_line' id='line_1_7' title="bbox 165 1006 1213 1089; baseline -0.002 -10"><span class='ocrx_word' id='word_1_37' title='bbox 165 1031 242 1079; x_wconf 84' lang='lat' dir='ltr'>esse</span> <span class='ocrx_word' id='word_1_38' title='bbox 264 1008 450 1078; x_wconf 88' lang='lat' dir='ltr'>confirmat</span> <span class='ocrx_word' id='word_1_39' title='bbox 467 1006 598 1077; x_wconf 90' lang='lat' dir='ltr'>Manes</span> <span class='ocrx_word' id='word_1_40' title='bbox 623 1028 779 1089; x_wconf 89' lang='lat' dir='ltr'>suorum,</span> <span class='ocrx_word' id='word_1_41' title='bbox 801 1006 1017 1076; x_wconf 86' lang='lat' dir='ltr'>conscientia</span> <span class='ocrx_word' id='word_1_42' title='bbox 1038 1007 1213 1077; x_wconf 76' lang='lat' dir='ltr'><strong>duntaxat</strong></span> 
     </span>
     <span class='ocr_line' id='line_1_8' title="bbox 164 1120 1214 1214; baseline -0.002 -22"><span class='ocrx_word' id='word_1_43' title='bbox 164 1122 257 1192; x_wconf 88' lang='lat' dir='ltr'>bene</span> <span class='ocrx_word' id='word_1_44' title='bbox 274 1122 331 1193; x_wconf 88' lang='lat' dir='ltr'>vel</span> <span class='ocrx_word' id='word_1_45' title='bbox 348 1122 644 1193; x_wconf 87' lang='lat' dir='ltr'>malefactorum.</span> <span class='ocrx_word' id='word_1_46' title='bbox 697 1121 828 1214; x_wconf 88' lang='lat' dir='ltr'>Neque</span> <span class='ocrx_word' id='word_1_47' title='bbox 850 1122 1001 1192; x_wconf 79' lang='lat' dir='ltr'>acriores</span> <span class='ocrx_word' id='word_1_48' title='bbox 1025 1122 1128 1190; x_wconf 84' lang='lat' dir='ltr'>novit</span> <span class='ocrx_word' id='word_1_49' title='bbox 1153 1120 1214 1191; x_wconf 84' lang='lat' dir='ltr'>sti·</span> 
     </span>
     <span class='ocr_line' id='line_1_9' title="bbox 165 1236 1212 1331; baseline -0.002 -24"><span class='ocrx_word' id='word_1_50' title='bbox 165 1236 282 1308; x_wconf 92' lang='lat' dir='ltr'>mulos</span> <span class='ocrx_word' id='word_1_51' title='bbox 307 1258 396 1328; x_wconf 90' lang='lat' dir='ltr'>quos</span> <span class='ocrx_word' id='word_1_52' title='bbox 422 1238 530 1308; x_wconf 88' lang='lat' dir='ltr'>addat</span> <span class='ocrx_word' id='word_1_53' title='bbox 556 1238 735 1331; x_wconf 85' lang='lat' dir='ltr'>generosis</span> <span class='ocrx_word' id='word_1_54' title='bbox 761 1236 915 1320; x_wconf 73' lang='lat' dir='ltr'>athletis,</span> <span class='ocrx_word' id='word_1_55' title='bbox 942 1258 1049 1329; x_wconf 90' lang='lat' dir='ltr'>quam</span> <span class='ocrx_word' id='word_1_56' title='bbox 1077 1236 1212 1328; x_wconf 89' lang='lat' dir='ltr'>siquem</span> 
     </span>
     <span class='ocr_line' id='line_1_10' title="bbox 165 1351 1213 1445; baseline -0.002 -22"><span class='ocrx_word' id='word_1_57' title='bbox 165 1353 211 1423; x_wconf 88' lang='lat' dir='ltr'>de</span> <span class='ocrx_word' id='word_1_58' title='bbox 239 1353 430 1444; x_wconf 88' lang='lat' dir='ltr'>majoribus</span> <span class='ocrx_word' id='word_1_59' title='bbox 456 1375 580 1423; x_wconf 86' lang='lat' dir='ltr'>eorum</span> <span class='ocrx_word' id='word_1_60' title='bbox 609 1353 721 1445; x_wconf 90' lang='lat' dir='ltr'>possit</span> <span class='ocrx_word' id='word_1_61' title='bbox 746 1351 791 1422; x_wconf 87' lang='lat' dir='ltr'>ab</span> <span class='ocrx_word' id='word_1_62' title='bbox 816 1352 937 1423; x_wconf 86' lang='lat' dir='ltr'>inferis</span> <span class='ocrx_word' id='word_1_63' title='bbox 961 1352 1120 1439; x_wconf 79' lang='lat' dir='ltr'>excitare</span> <span class='ocrx_word' id='word_1_64' title='bbox 1144 1360 1213 1421; x_wconf 86' lang='lat' dir='ltr'>tes·</span> 
     </span>
     <span class='ocr_line' id='line_1_11' title="bbox 165 1464 1213 1560; baseline -0.001 -24"><span class='ocrx_word' id='word_1_65' title='bbox 165 1473 253 1549; x_wconf 85' lang='lat' dir='ltr'>tem,</span> <span class='ocrx_word' id='word_1_66' title='bbox 270 1489 460 1558; x_wconf 87' lang='lat' dir='ltr'>coramque</span> <span class='ocrx_word' id='word_1_67' title='bbox 480 1490 523 1537; x_wconf 88' lang='lat' dir='ltr'>eo</span> <span class='ocrx_word' id='word_1_68' title='bbox 545 1489 621 1537; x_wconf 91' lang='lat' dir='ltr'>rem</span> <span class='ocrx_word' id='word_1_69' title='bbox 647 1467 704 1560; x_wconf 82' lang='lat' dir='ltr'>agi</span> <span class='ocrx_word' id='word_1_70' title='bbox 729 1465 851 1559; x_wconf 85' lang='lat' dir='ltr'>fingat.</span> <span class='ocrx_word' id='word_1_71' title='bbox 903 1464 1030 1536; x_wconf 85' lang='lat' dir='ltr'>Gravis</span> <span class='ocrx_word' id='word_1_72' title='bbox 1054 1465 1213 1556; x_wconf 85' lang='lat' dir='ltr'>profacto</span> 
     </span>
     <span class='ocr_line' id='line_1_12' title="bbox 165 1580 1215 1674; baseline 0 -24"><span class='ocrx_word' id='word_1_73' title='bbox 165 1580 228 1651; x_wconf 91' lang='lat' dir='ltr'>illa</span> <span class='ocrx_word' id='word_1_74' title='bbox 247 1599 329 1664; x_wconf 87' lang='lat' dir='ltr'>vox,</span> <span class='ocrx_word' id='word_1_75' title='bbox 347 1590 385 1651; x_wconf 89' lang='lat' dir='ltr'>et</span> <span class='ocrx_word' id='word_1_76' title='bbox 408 1581 569 1674; x_wconf 86' lang='lat' dir='ltr'>proxime</span> <span class='ocrx_word' id='word_1_77' title='bbox 594 1584 639 1653; x_wconf 89' lang='lat' dir='ltr'>ad</span> <span class='ocrx_word' id='word_1_78' title='bbox 665 1582 922 1652; x_wconf 83' lang='lat' dir='ltr'>sanctissimam</span> <span class='ocrx_word' id='word_1_79' title='bbox 945 1580 1136 1650; x_wconf 80' lang='lat' dir='ltr'>veritatem</span> <span class='ocrx_word' id='word_1_80' title='bbox 1159 1601 1215 1650; x_wconf 85' lang='lat' dir='ltr'>ao-</span> 
     </span>
     <span class='ocr_line' id='line_1_13' title="bbox 165 1693 1215 1789; baseline -0.003 -23"><span class='ocrx_word' id='word_1_81' title='bbox 165 1697 306 1778; x_wconf 85' lang='lat' dir='ltr'>codens,</span> <span class='ocrx_word' id='word_1_82' title='bbox 324 1719 401 1788; x_wconf 88' lang='lat' dir='ltr'>quae</span> <span class='ocrx_word' id='word_1_83' title='bbox 426 1697 575 1767; x_wconf 87' lang='lat' dir='ltr'>mortuis</span> <span class='ocrx_word' id='word_1_84' title='bbox 593 1718 733 1788; x_wconf 87' lang='lat' dir='ltr'>quoque</span> <span class='ocrx_word' id='word_1_85' title='bbox 750 1696 906 1765; x_wconf 84' lang='lat' dir='ltr'>vindicat</span> <span class='ocrx_word' id='word_1_86' title='bbox 921 1716 1024 1789; x_wconf 88' lang='lat' dir='ltr'>suam</span> <span class='ocrx_word' id='word_1_87' title='bbox 1042 1702 1081 1764; x_wconf 87' lang='lat' dir='ltr'>et</span> <span class='ocrx_word' id='word_1_88' title='bbox 1096 1693 1215 1788; x_wconf 81' lang='lat' dir='ltr'>gaudii</span> 
     </span>
     <span class='ocr_line' id='line_1_14' title="bbox 166 1809 1215 1903; baseline 0.001 -24"><span class='ocrx_word' id='word_1_89' title='bbox 166 1818 205 1879; x_wconf 89' lang='lat' dir='ltr'>et</span> <span class='ocrx_word' id='word_1_90' title='bbox 229 1809 349 1903; x_wconf 83' lang='lat' dir='ltr'>gloriae</span> <span class='ocrx_word' id='word_1_91' title='bbox 372 1818 522 1902; x_wconf 88' lang='lat' dir='ltr'>partem,</span> <span class='ocrx_word' id='word_1_92' title='bbox 541 1812 680 1903; x_wconf 86' lang='lat' dir='ltr'>quoties</span> <span class='ocrx_word' id='word_1_93' title='bbox 696 1820 909 1882; x_wconf 83' lang='lat' dir='ltr'>coronantur</span> <span class='ocrx_word' id='word_1_94' title='bbox 925 1809 1040 1894; x_wconf 87' lang='lat' dir='ltr'>liberi,</span> <span class='ocrx_word' id='word_1_95' title='bbox 1057 1817 1215 1903; x_wconf 87' lang='lat' dir='ltr'>nepotes,</span> 
     </span>
     <span class='ocr_line' id='line_1_15' title="bbox 166 1926 335 2017; baseline -0.006 -22"><span class='ocrx_word' id='word_1_96' title='bbox 166 1926 299 2017; x_wconf 87' lang='lat' dir='ltr'>posteri</span> <span class='ocrx_word' id='word_1_97' title='bbox 310 1934 335 1994; x_wconf 69' lang='grc' dir='ltr'>θ.</span> 
     </span>
    </p>

    <p class='ocr_par' dir='ltr' id='par_1_4' title="bbox 342 2043 805 2116">
     <span class='ocr_line' id='line_1_16' title="bbox 342 2043 805 2116; baseline 0.004 -18"><span class='ocrx_word' id='word_1_98' title='bbox 342 2043 402 2099; x_wconf 88' lang='grc' dir='ltr'>ε’στι</span> <span class='ocrx_word' id='word_1_99' title='bbox 414 2044 443 2099; x_wconf 79' lang='grc' dir='ltr'>δὲ</span> <span class='ocrx_word' id='word_1_100' title='bbox 455 2043 498 2098; x_wconf 91' lang='grc' dir='ltr'>καί</span> <span class='ocrx_word' id='word_1_101' title='bbox 508 2065 533 2100; x_wconf 90' lang='grc' dir='ltr'>τι</span> <span class='ocrx_word' id='word_1_102' title='bbox 546 2045 717 2100; x_wconf 82' lang='grc' dir='ltr'>θανόντεσσιν</span> <span class='ocrx_word' id='word_1_103' title='bbox 726 2044 805 2116; x_wconf 83' lang='grc' dir='ltr'>με’ρος</span> 
     </span>
    </p>

    <p class='ocr_par' dir='ltr' id='par_1_5' title="bbox 343 2130 637 2201">
     <span class='ocr_line' id='line_1_17' title="bbox 343 2130 637 2201; baseline 0.01 -19"><span class='ocrx_word' id='word_1_104' title='bbox 343 2130 389 2184; x_wconf 83' lang='grc' dir='ltr'>κὰν</span> <span class='ocrx_word' id='word_1_105' title='bbox 401 2133 479 2200; x_wconf 88' lang='grc' dir='ltr'>νόμον</span> <span class='ocrx_word' id='word_1_106' title='bbox 491 2130 637 2201; x_wconf 85' lang='grc' dir='ltr'>ε’ρδόμενον·</span> 
     </span>
    </p>

    <p class='ocr_par' dir='ltr' id='par_1_6' title="bbox 343 2215 673 2287">
     <span class='ocr_line' id='line_1_18' title="bbox 343 2215 673 2287; baseline 0.012 -18"><span class='ocrx_word' id='word_1_107' title='bbox 343 2215 513 2287; x_wconf 76' lang='grc' dir='ltr'>κατακρύπτει</span> <span class='ocrx_word' id='word_1_108' title='bbox 525 2217 547 2271; x_wconf 81' lang='grc' dir='ltr'>δ’</span> <span class='ocrx_word' id='word_1_109' title='bbox 560 2217 592 2271; x_wconf 79' lang='grc' dir='ltr'>οὔ</span> <span class='ocrx_word' id='word_1_110' title='bbox 604 2220 673 2273; x_wconf 86' lang='grc' dir='ltr'>κόνις</span> 
     </span>
    </p>

    <p class='ocr_par' dir='ltr' id='par_1_7' title="bbox 345 2302 679 2372">
     <span class='ocr_line' id='line_1_19' title="bbox 345 2302 679 2372; baseline 0.009 -19"><span class='ocrx_word' id='word_1_111' title='bbox 345 2305 481 2372; x_wconf 77' lang='grc' dir='ltr'>συγγόνων</span> <span class='ocrx_word' id='word_1_112' title='bbox 492 2302 583 2358; x_wconf 76' lang='grc' dir='ltr'>κεδνὰν</span> <span class='ocrx_word' id='word_1_113' title='bbox 593 2303 679 2372; x_wconf 81' lang='grc' dir='ltr'>χάριν.</span> 
     </span>
    </p>

    <p class='ocr_par' dir='ltr' id='par_1_8' title="bbox 343 2387 841 2461">
     <span class='ocr_line' id='line_1_20' title="bbox 343 2387 841 2461; baseline 0.008 -21"><span class='ocrx_word' id='word_1_114' title='bbox 343 2387 426 2459; x_wconf 82' lang='grc' dir='ltr'>Ἐρμᾶ</span> <span class='ocrx_word' id='word_1_115' title='bbox 438 2389 467 2443; x_wconf 77' lang='grc' dir='ltr'>δὲ</span> <span class='ocrx_word' id='word_1_116' title='bbox 479 2389 607 2461; x_wconf 80' lang='grc' dir='ltr'>θυγατρός</span> <span class='ocrx_word' id='word_1_117' title='bbox 617 2387 740 2446; x_wconf 84' lang='grc' dir='ltr'>άκοόσαις</span> <span class='ocrx_word' id='word_1_118' title='bbox 751 2388 841 2460; x_wconf 82' lang='grc' dir='ltr'>Ἰφίων</span> 
     </span>
    </p>

    <p class='ocr_par' dir='ltr' id='par_1_9' title="bbox 344 2472 940 2547">
     <span class='ocr_line' id='line_1_21' title="bbox 344 2472 940 2547; baseline 0.002 -19"><span class='ocrx_word' id='word_1_119' title='bbox 344 2472 492 2545; x_wconf 77' lang='grc' dir='ltr'>Ἀγγελίας,</span> <span class='ocrx_word' id='word_1_120' title='bbox 505 2475 589 2529; x_wconf 80' lang='grc' dir='ltr'>ε’νέποι</span> <span class='ocrx_word' id='word_1_121' title='bbox 601 2497 644 2533; x_wconf 75' lang='grc' dir='ltr'>κεν</span> <span class='ocrx_word' id='word_1_122' title='bbox 656 2475 817 2547; x_wconf 80' lang='grc' dir='ltr'>Καλλιμάχῳ</span> <span class='ocrx_word' id='word_1_123' title='bbox 828 2476 940 2547; x_wconf 83' lang='grc' dir='ltr'>λιπαρόν</span> 
     </span>
    </p>

    <p class='ocr_par' dir='ltr' id='par_1_10' title="bbox 345 2559 854 2633">
     <span class='ocr_line' id='line_1_22' title="bbox 345 2559 854 2633; baseline 0.002 -19"><span class='ocrx_word' id='word_1_124' title='bbox 345 2562 445 2629; x_wconf 84' lang='grc' dir='ltr'>κόσμον</span> <span class='ocrx_word' id='word_1_125' title='bbox 455 2559 594 2631; x_wconf 84' lang='grc' dir='ltr'>Ὀλυμπίᾳ,</span> <span class='ocrx_word' id='word_1_126' title='bbox 607 2560 637 2616; x_wconf 86' lang='grc' dir='ltr'>ὅν</span> <span class='ocrx_word' id='word_1_127' title='bbox 648 2562 701 2631; x_wconf 90' lang='grc' dir='ltr'>σφι</span> <span class='ocrx_word' id='word_1_128' title='bbox 713 2560 776 2617; x_wconf 74' lang='grc' dir='ltr'>Ζεὺς</span> <span class='ocrx_word' id='word_1_129' title='bbox 785 2560 854 2633; x_wconf 84' lang='grc' dir='ltr'>γε’νει</span> 
     </span>
    </p>

    <p class='ocr_par' dir='ltr' id='par_1_11' title="bbox 171 2640 1219 2968">
     <span class='ocr_line' id='line_1_23' title="bbox 344 2640 733 2700; baseline -0.005 0"><span class='ocrx_word' id='word_1_130' title='bbox 344 2645 443 2700; x_wconf 77' lang='grc' dir='ltr'>ὤπασε.</span> <span class='ocrx_word' id='word_1_131' title='bbox 725 2640 733 2652; x_wconf 77' lang='grc'><em>’</em></span> 
     </span>
     <span class='ocr_line' id='line_1_24' title="bbox 171 2757 1219 2855; baseline 0.006 -27"><span class='ocrx_word' id='word_1_132' title='bbox 171 2757 346 2828; x_wconf 77' lang='lat' dir='ltr'>Festivius</span> <span class='ocrx_word' id='word_1_133' title='bbox 371 2758 513 2851; x_wconf 90' lang='lat' dir='ltr'>alioqui,</span> <span class='ocrx_word' id='word_1_134' title='bbox 530 2759 630 2830; x_wconf 88' lang='lat' dir='ltr'>velut</span> <span class='ocrx_word' id='word_1_135' title='bbox 654 2761 841 2852; x_wconf 88' lang='lat' dir='ltr'>imperiosa</span> <span class='ocrx_word' id='word_1_136' title='bbox 858 2783 954 2843; x_wconf 86' lang='lat' dir='ltr'>voce,</span> <span class='ocrx_word' id='word_1_137' title='bbox 972 2783 1036 2853; x_wconf 90' lang='lat' dir='ltr'>pro</span> <span class='ocrx_word' id='word_1_138' title='bbox 1054 2758 1141 2855; x_wconf 76' lang='lat' dir='ltr'>jura</span> <span class='ocrx_word' id='word_1_139' title='bbox 1156 2780 1219 2834; x_wconf 87' lang='lat' dir='ltr'>suo</span> 
     </span>
     <span class='ocr_line' id='line_1_25' title="bbox 171 2871 1106 2968; baseline 0.005 -26"><span class='ocrx_word' id='word_1_140' title='bbox 171 2874 321 2965; x_wconf 88' lang='lat' dir='ltr'>poetico,</span> <span class='ocrx_word' id='word_1_141' title='bbox 338 2875 505 2945; x_wconf 91' lang='lat' dir='ltr'>nunciam</span> <span class='ocrx_word' id='word_1_142' title='bbox 521 2875 635 2945; x_wconf 88' lang='lat' dir='ltr'>mittit</span> <span class='ocrx_word' id='word_1_143' title='bbox 652 2877 698 2945; x_wconf 88' lang='lat' dir='ltr'>ad</span> <span class='ocrx_word' id='word_1_144' title='bbox 713 2898 836 2947; x_wconf 88' lang='lat' dir='ltr'>manes</span> <span class='ocrx_word' id='word_1_145' title='bbox 854 2875 1064 2968; x_wconf 84' lang='lat' dir='ltr'>Nympham</span> <span class='ocrx_word' id='word_1_146' title='bbox 1074 2871 1106 2947; x_wconf 85' lang='lat' dir='ltr'>f:</span> 
     </span>
    </p>
   </div>
   <div class='ocr_carea' id='block_1_3' title="bbox 346 3003 1134 3419">
    <p class='ocr_par' dir='ltr' id='par_1_12' title="bbox 346 3003 678 3074">
     <span class='ocr_line' id='line_1_26' title="bbox 346 3003 678 3074; baseline 0.012 -20"><span class='ocrx_word' id='word_1_147' title='bbox 346 3003 530 3074; x_wconf 81' lang='grc' dir='ltr'>μελανοτειχέα</span> <span class='ocrx_word' id='word_1_148' title='bbox 542 3007 587 3058; x_wconf 85' lang='grc' dir='ltr'>νῦν</span> <span class='ocrx_word' id='word_1_149' title='bbox 599 3004 678 3072; x_wconf 81' lang='grc' dir='ltr'>δόμον</span> 
     </span>
    </p>

    <p class='ocr_par' dir='ltr' id='par_1_13' title="bbox 348 3088 1134 3247">
     <span class='ocr_line' id='line_1_27' title="bbox 348 3088 1134 3163; baseline 0.004 -21"><span class='ocrx_word' id='word_1_150' title='bbox 348 3093 518 3161; x_wconf 73' lang='grc' dir='ltr'>Φερσεφόνας</span> <span class='ocrx_word' id='word_1_151' title='bbox 528 3089 574 3155; x_wconf 80' lang='grc' dir='ltr'>Ιίθι,</span> <span class='ocrx_word' id='word_1_152' title='bbox 586 3089 672 3160; x_wconf 86' lang='grc' dir='ltr'>Ἀχοῖ,</span> <span class='ocrx_word' id='word_1_153' title='bbox 684 3091 763 3161; x_wconf 74' lang='grc' dir='ltr'>πατρὶ</span> <span class='ocrx_word' id='word_1_154' title='bbox 775 3091 870 3145; x_wconf 82' lang='grc' dir='ltr'>κλυτὰν</span> <span class='ocrx_word' id='word_1_155' title='bbox 881 3088 986 3161; x_wconf 81' lang='grc' dir='ltr'>φέροισ’</span> <span class='ocrx_word' id='word_1_156' title='bbox 999 3090 1134 3163; x_wconf 82' lang='grc' dir='ltr'>ἀγγελίαν,</span> 
     </span>
     <span class='ocr_line' id='line_1_28' title="bbox 349 3174 992 3247; baseline 0.003 -19"><span class='ocrx_word' id='word_1_157' title='bbox 349 3174 500 3245; x_wconf 84' lang='grc' dir='ltr'>Κλεόδαμον</span> <span class='ocrx_word' id='word_1_158' title='bbox 512 3175 583 3247; x_wconf 88' lang='grc' dir='ltr'>όφρο</span> <span class='ocrx_word' id='word_1_159' title='bbox 594 3175 672 3230; x_wconf 83' lang='grc' dir='ltr'>ίδοισ’</span> <span class='ocrx_word' id='word_1_160' title='bbox 685 3177 740 3231; x_wconf 85' lang='grc' dir='ltr'>υἱόν</span> <span class='ocrx_word' id='word_1_161' title='bbox 751 3174 832 3245; x_wconf 79' lang='grc' dir='ltr'>εἴπης,</span> <span class='ocrx_word' id='word_1_162' title='bbox 845 3175 885 3230; x_wconf 82' lang='grc' dir='ltr'>ὅτι</span> <span class='ocrx_word' id='word_1_163' title='bbox 897 3177 922 3229; x_wconf 80' lang='grc' dir='ltr'>οἱ</span> <span class='ocrx_word' id='word_1_164' title='bbox 934 3175 992 3230; x_wconf 80' lang='grc' dir='ltr'>νέαν</span> 
     </span>
    </p>

    <p class='ocr_par' dir='ltr' id='par_1_14' title="bbox 348 3261 744 3333">
     <span class='ocr_line' id='line_1_29' title="bbox 348 3261 744 3333; baseline 0.013 -19"><span class='ocrx_word' id='word_1_165' title='bbox 348 3264 453 3318; x_wconf 76' lang='grc' dir='ltr'>κόλποις</span> <span class='ocrx_word' id='word_1_166' title='bbox 464 3261 523 3333; x_wconf 86' lang='grc' dir='ltr'>παρ’</span> <span class='ocrx_word' id='word_1_167' title='bbox 537 3263 645 3331; x_wconf 78' lang='grc' dir='ltr'>εὐδόξου</span> <span class='ocrx_word' id='word_1_168' title='bbox 657 3262 744 3319; x_wconf 87' lang='grc' dir='ltr'>Πίσας</span> 
     </span>
    </p>

    <p class='ocr_par' dir='ltr' id='par_1_15' title="bbox 347 3348 996 3419">
     <span class='ocr_line' id='line_1_30' title="bbox 347 3348 996 3419; baseline 0.005 -19"><span class='ocrx_word' id='word_1_169' title='bbox 347 3348 519 3419; x_wconf 76' lang='grc' dir='ltr'>ἐστεφάνωσε</span> <span class='ocrx_word' id='word_1_170' title='bbox 530 3349 641 3418; x_wconf 81' lang='grc' dir='ltr'>κυδίμων</span> <span class='ocrx_word' id='word_1_171' title='bbox 652 3349 753 3404; x_wconf 78' lang='grc' dir='ltr'>ἀέθλων</span> <span class='ocrx_word' id='word_1_172' title='bbox 764 3351 884 3419; x_wconf 84' lang='grc' dir='ltr'>πτεροῖσι</span> <span class='ocrx_word' id='word_1_173' title='bbox 894 3348 996 3419; x_wconf 84' lang='grc' dir='ltr'>χαίταν.</span> 
     </span>
    </p>
   </div>
   <div class='ocr_carea' id='block_1_4' title="bbox 170 3460 1224 4242">
    <p class='ocr_par' dir='ltr' id='par_1_16' title="bbox 170 3460 1224 4242">
     <span class='ocr_line' id='line_1_31' title="bbox 221 3460 1223 3554; baseline 0 -24"><span class='ocrx_word' id='word_1_174' title='bbox 221 3461 245 3531; x_wconf 91' lang='lat' dir='ltr'>J</span> <span class='ocrx_word' id='word_1_175' title='bbox 247 3483 305 3531; x_wconf 88' lang='lat' dir='ltr'>am</span> <span class='ocrx_word' id='word_1_176' title='bbox 322 3460 454 3531; x_wconf 89' lang='lat' dir='ltr'>nemini</span> <span class='ocrx_word' id='word_1_177' title='bbox 476 3460 608 3554; x_wconf 88' lang='lat' dir='ltr'>poterit</span> <span class='ocrx_word' id='word_1_178' title='bbox 626 3484 702 3533; x_wconf 89' lang='lat' dir='ltr'>esse</span> <span class='ocrx_word' id='word_1_179' title='bbox 719 3463 919 3545; x_wconf 88' lang='lat' dir='ltr'>obscurum,</span> <span class='ocrx_word' id='word_1_180' title='bbox 935 3461 1052 3531; x_wconf 88' lang='lat' dir='ltr'>curin</span> <span class='ocrx_word' id='word_1_181' title='bbox 1069 3482 1113 3530; x_wconf 89' lang='lat' dir='ltr'>ea</span> <span class='ocrx_word' id='word_1_182' title='bbox 1128 3481 1223 3553; x_wconf 85' lang='lat' dir='ltr'>quoe-</span> 
     </span>
     <span class='ocr_line' id='line_1_32' title="bbox 172 3573 1223 3670; baseline 0 -26"><span class='ocrx_word' id='word_1_183' title='bbox 172 3575 286 3644; x_wconf 87' lang='lat' dir='ltr'>stione</span> <span class='ocrx_word' id='word_1_184' title='bbox 313 3598 393 3666; x_wconf 88' lang='lat' dir='ltr'>quae</span> <span class='ocrx_word' id='word_1_185' title='bbox 424 3583 501 3644; x_wconf 88' lang='lat' dir='ltr'>erat</span> <span class='ocrx_word' id='word_1_186' title='bbox 532 3577 576 3646; x_wconf 91' lang='lat' dir='ltr'>de</span> <span class='ocrx_word' id='word_1_187' title='bbox 606 3574 775 3670; x_wconf 78' lang='grc' dir='ltr'>παρρησίᾳ</span> <span class='ocrx_word' id='word_1_188' title='bbox 807 3575 961 3657; x_wconf 90' lang='lat' dir='ltr'>Pindari,</span> <span class='ocrx_word' id='word_1_189' title='bbox 993 3583 1069 3645; x_wconf 90' lang='lat' dir='ltr'>tam</span> <span class='ocrx_word' id='word_1_190' title='bbox 1099 3573 1223 3645; x_wconf 88' lang='lat' dir='ltr'>sedula</span> 
     </span>
     <span class='ocr_line' id='line_1_33' title="bbox 171 3686 1223 3784; baseline 0.001 -26"><span class='ocrx_word' id='word_1_191' title='bbox 171 3689 273 3759; x_wconf 88' lang='lat' dir='ltr'>fieret</span> <span class='ocrx_word' id='word_1_192' title='bbox 295 3690 370 3780; x_wconf 89' lang='lat' dir='ltr'>ejus</span> <span class='ocrx_word' id='word_1_193' title='bbox 394 3686 573 3784; x_wconf 81' lang='lat' dir='ltr'>religionis</span> <span class='ocrx_word' id='word_1_194' title='bbox 598 3693 744 3760; x_wconf 90' lang='lat' dir='ltr'>mentio.</span> <span class='ocrx_word' id='word_1_195' title='bbox 797 3691 999 3774; x_wconf 81' lang='lat' dir='ltr'>Quamnam</span> <span class='ocrx_word' id='word_1_196' title='bbox 1016 3689 1112 3759; x_wconf 88' lang='lat' dir='ltr'>euim</span> <span class='ocrx_word' id='word_1_197' title='bbox 1133 3690 1223 3759; x_wconf 89' lang='lat' dir='ltr'>iram</span> 
     </span>
     <span class='ocr_line' id='line_1_34' title="bbox 172 3802 1224 3897; baseline -0.002 -23"><span class='ocrx_word' id='word_1_198' title='bbox 172 3827 234 3874; x_wconf 89' lang='lat' dir='ltr'>seu</span> <span class='ocrx_word' id='word_1_199' title='bbox 246 3802 343 3896; x_wconf 84' lang='lat' dir='ltr'>vulgi</span> <span class='ocrx_word' id='word_1_200' title='bbox 357 3804 431 3872; x_wconf 87' lang='lat' dir='ltr'>sive</span> <span class='ocrx_word' id='word_1_201' title='bbox 444 3805 644 3896; x_wconf 89' lang='lat' dir='ltr'>principum</span> <span class='ocrx_word' id='word_1_202' title='bbox 659 3805 813 3885; x_wconf 87' lang='lat' dir='ltr'>timeret,</span> <span class='ocrx_word' id='word_1_203' title='bbox 825 3807 885 3897; x_wconf 93' lang='lat' dir='ltr'>qui</span> <span class='ocrx_word' id='word_1_204' title='bbox 903 3827 941 3874; x_wconf 88' lang='lat' dir='ltr'>se</span> <span class='ocrx_word' id='word_1_205' title='bbox 957 3805 1135 3897; x_wconf 86' lang='lat' dir='ltr'>pertinere</span> <span class='ocrx_word' id='word_1_206' title='bbox 1148 3824 1224 3872; x_wconf 84' lang='lat' dir='ltr'>crc-</span> 
     </span>
     <span class='ocr_line' id='line_1_35' title="bbox 171 3915 1224 4010; baseline -0.001 -23"><span class='ocrx_word' id='word_1_207' title='bbox 171 3919 272 3988; x_wconf 85' lang='lat' dir='ltr'>deret</span> <span class='ocrx_word' id='word_1_208' title='bbox 293 3918 339 3987; x_wconf 89' lang='lat' dir='ltr'>ad</span> <span class='ocrx_word' id='word_1_209' title='bbox 359 3941 484 3987; x_wconf 89' lang='lat' dir='ltr'>eorum</span> <span class='ocrx_word' id='word_1_210' title='bbox 507 3941 707 4005; x_wconf 86' lang='lat' dir='ltr'>numerum,</span> <span class='ocrx_word' id='word_1_211' title='bbox 725 3919 853 4009; x_wconf 89' lang='lat' dir='ltr'>quibus</span> <span class='ocrx_word' id='word_1_212' title='bbox 870 3927 947 3988; x_wconf 85' lang='lat' dir='ltr'>erat</span> <span class='ocrx_word' id='word_1_213' title='bbox 967 3917 1085 3988; x_wconf 86' lang='lat' dir='ltr'>fatalis</span> <span class='ocrx_word' id='word_1_214' title='bbox 1103 3915 1224 4010; x_wconf 87' lang='lat' dir='ltr'>Elysia</span> 
     </span>
     <span class='ocr_line' id='line_1_36' title="bbox 170 4030 1224 4124; baseline -0.001 -25"><span class='ocrx_word' id='word_1_215' title='bbox 170 4030 231 4101; x_wconf 92' lang='lat' dir='ltr'>illa</span> <span class='ocrx_word' id='word_1_216' title='bbox 260 4032 473 4102; x_wconf 71' lang='lat' dir='ltr'>beatitudo?</span> <span class='ocrx_word' id='word_1_217' title='bbox 526 4031 699 4115; x_wconf 85' lang='lat' dir='ltr'>Quaenam</span> <span class='ocrx_word' id='word_1_218' title='bbox 728 4031 781 4101; x_wconf 92' lang='lat' dir='ltr'>illi</span> <span class='ocrx_word' id='word_1_219' title='bbox 810 4031 1018 4124; x_wconf 85' lang='lat' dir='ltr'>refugienda</span> <span class='ocrx_word' id='word_1_220' title='bbox 1047 4030 1141 4099; x_wconf 86' lang='lat' dir='ltr'>foret</span> <span class='ocrx_word' id='word_1_221' title='bbox 1171 4031 1224 4099; x_wconf 93' lang='lat' dir='ltr'>in·</span> 
     </span>
     <span class='ocr_line' id='line_1_37' title="bbox 172 4143 1224 4242; baseline 0.001 -28"><span class='ocrx_word' id='word_1_222' title='bbox 172 4146 275 4228; x_wconf 88' lang='lat' dir='ltr'>vidia,</span> <span class='ocrx_word' id='word_1_223' title='bbox 297 4147 358 4237; x_wconf 92' lang='lat' dir='ltr'>qui</span> <span class='ocrx_word' id='word_1_224' title='bbox 382 4170 482 4218; x_wconf 89' lang='lat' dir='ltr'>suam</span> <span class='ocrx_word' id='word_1_225' title='bbox 506 4148 617 4219; x_wconf 86' lang='lat' dir='ltr'>vitam</span> <span class='ocrx_word' id='word_1_226' title='bbox 640 4148 698 4242; x_wconf 89' lang='lat' dir='ltr'>agi</span> <span class='ocrx_word' id='word_1_227' title='bbox 720 4155 863 4239; x_wconf 88' lang='lat' dir='ltr'>putaret</span> <span class='ocrx_word' id='word_1_228' title='bbox 885 4147 923 4215; x_wconf 91' lang='lat' dir='ltr'>in</span> <span class='ocrx_word' id='word_1_229' title='bbox 948 4153 1050 4216; x_wconf 87' lang='lat' dir='ltr'>tanta</span> <span class='ocrx_word' id='word_1_230' title='bbox 1075 4143 1157 4216; x_wconf 84' lang='lat' dir='ltr'>luce</span> <span class='ocrx_word' id='word_1_231' title='bbox 1182 4165 1224 4215; x_wconf 87' lang='lat' dir='ltr'>ac</span> 
     </span>
    </p>
   </div>
   <div class='ocr_carea' id='block_1_5' title="bbox 330 4311 1081 4382">
    <p class='ocr_par' dir='ltr' id='par_1_17' title="bbox 330 4311 1081 4382">
     <span class='ocr_line' id='line_1_38' title="bbox 330 4311 1081 4382; baseline 0 -16"><span class='ocrx_word' id='word_1_232' title='bbox 330 4321 343 4350; x_wconf 72' lang='lat' dir='ltr'>e</span> <span class='ocrx_word' id='word_1_233' title='bbox 358 4312 399 4366; x_wconf 84' lang='lat' dir='ltr'>Ol.</span> <span class='ocrx_word' id='word_1_234' title='bbox 413 4314 439 4368; x_wconf 86' lang='lat'>8.</span> <span class='ocrx_word' id='word_1_235' title='bbox 456 4331 515 4368; x_wconf 85' lang='lat'><em>101.</em></span> <span class='ocrx_word' id='word_1_236' title='bbox 870 4311 882 4351; x_wconf 71' lang='lat' dir='ltr'><strong>f</strong></span> <span class='ocrx_word' id='word_1_237' title='bbox 897 4312 966 4369; x_wconf 75' lang='lat' dir='ltr'>laid.</span> <span class='ocrx_word' id='word_1_238' title='bbox 982 4329 1023 4377; x_wconf 83' lang='lat'>14.</span> <span class='ocrx_word' id='word_1_239' title='bbox 1038 4327 1081 4382; x_wconf 81' lang='lat'>29.</span> 
     </span>
    </p>
   </div>
   <div class='ocr_carea' id='block_1_6' title="bbox 0 0 1404 4876">
    <p class='ocr_par' dir='ltr' id='par_1_18' title="bbox 0 0 1404 4876">
     <span class='ocr_line' id='line_1_39' title="bbox 0 0 1404 4876; baseline 0 0"><span class='ocrx_word' id='word_1_240' title='bbox 0 0 1404 4876; x_wconf 95' lang='lat' dir='ltr'> </span> 
     </span>
    </p>
   </div>
  </div>
 </body>
</html>
