2768 4876
167 350 262 393 anan.
275 351 366 394 xxm.
432 331 482 394 De
497 331 544 407 Io,
559 330 659 415 qualis
673 329 706 392 in
721 328 897 393 Prometheo
911 336 998 392 catal.
1152 327 1212 390 441

168 510 206 571 et
236 502 443 571 brevissimo
471 502 626 592 quidem,
658 509 877 594 posterorum
909 499 1090 568 memoriae
1120 520 1216 566 com-

169 616 329 685 mendari
348 639 426 686 eam
445 617 587 686 voluit.''
623 617 719 700 Quid
737 625 869 697 autem,
888 616 916 685 si
934 617 1053 697 doceo,
1069 613 1215 706 AEschy-

170 720 262 799 leam
281 730 419 813 Possm,
438 741 609 822 quantum
628 733 771 822 quidem
790 733 865 822 ejus
883 754 954 799 non
971 731 1097 799 invidit
1114 729 1215 799 nobis

169 847 340 937 temporis
365 847 500 937 injuria,
519 871 683 939 magnam
709 855 847 939 partem
874 847 963 915 verti
989 848 1025 914 in
1052 847 1127 938 ipso
1153 843 1215 913 illo

168 984 308 1053 genere,
339 963 432 1052 quod
464 961 506 1032 ad
539 963 745 1055 AEschylum
780 964 956 1055 pertinere
986 985 1126 1054 sagaces
1156 962 1214 1031 isti

169 1098 309 1168 prorsus
327 1077 483 1168 negant?
526 1077 620 1160 Quid
640 1079 667 1146 si
686 1078 907 1147 foeminarum
926 1077 1115 1146 illustrium
1140 1075 1216 1145 lau-

169 1193 230 1261 des
253 1215 296 1262 ea
319 1215 403 1261 cura
429 1194 580 1262 tentavit
606 1193 770 1263 alumnus
795 1193 856 1262 ille
881 1192 1020 1274 Martis,
1047 1199 1088 1262 ut
1111 1191 1215 1260 facile

171 1309 316 1390 videres,
328 1309 474 1378 sensisse
492 1332 575 1378 eum
593 1331 674 1379 cum
686 1308 870 1390 Aristotle,
886 1305 1028 1382 b‘'Ooou
1044 1304 1087 1376 τὰ
1107 1337 1215 1398 γυναι-

169 1428 227 1492 κῶν
245 1427 372 1518 φαῦλα,
388 1422 508 1518 σχέδον
525 1422 569 1494 τὸ
586 1423 684 1506 ἥμισυ
699 1432 764 1505 τῆςι
775 1424 900 1499 πόλεως
918 1424 971 1492 οὐκ
990 1421 1167 1504 εὐδαιμονεῖ
1175 1447 1184 1505 ;

217 1537 276 1608 Ac
302 1540 424 1608 missas
454 1539 545 1608 facio
571 1563 655 1630 quas
685 1540 818 1609 habent
846 1539 1018 1630 ejusmodi
1048 1561 1214 1629 personas

168 1653 294 1723 fabulae
314 1655 390 1745 jam
412 1665 495 1724 ante
512 1678 533 1723 a
550 1655 651 1724 nobis
669 1655 853 1746 explicatae
872 1663 908 1723 et
926 1677 1101 1736 excussae;
1129 1655 1212 1725 Cas·-

168 1771 328 1839 sandram
348 1770 436 1850 dico,
454 1768 634 1852 Atossam,
653 1769 854 1840 Electram:
882 1771 1063 1839 videamus
1081 1793 1125 1839 an
1143 1794 1214 1839 una

168 1887 317 1957 sufficiat
351 1886 442 1956 hanc
477 1910 551 1956 rem
586 1887 833 1978 indagantibus
862 1886 904 1955 Io
934 1909 1015 1955 oum
1044 1887 1214 1978 progenie

167 2025 238 2085 sua,
256 2002 398 2094 qualem
423 2003 524 2071 nobis
542 2003 704 2094 depinxit
721 2001 907 2094 AEsehylus
928 2003 1056 2094 partim
1075 2004 1111 2070 in
1128 2000 1214 2071 Pro-

163 2118 310 2187 metheo
325 2117 471 2199 Vincto,
484 2118 677 2187 maximam
692 2140 774 2186 vero
791 2128 928 2208 partem
947 2119 982 2186 in
1001 2119 1213 2188 suavissimis

167 2232 234 2303 illis
247 2232 484 2325 Supplioibus
521 2233 663 2302 Etenim
681 2234 836 2324 quisquis
849 2234 1036 2302 arrectiora
1053 2233 1211 2324 paullum

166 2349 283 2418 animo
301 2348 502 2439 expendere
520 2347 606 2418 velit
623 2357 810 2439 utramque
827 2348 1057 2440 Tragoediam,
1075 2346 1126 2415 illi
1147 2348 1213 2414 mi-

165 2463 260 2532 nime
288 2462 436 2531 dubium
462 2465 538 2544 erit,
567 2461 746 2554 Scriptori,
773 2486 843 2554 quo
870 2472 1030 2553 tempore
1054 2458 1212 2534 Ἰκετίδας

165 2579 367 2659 adornabat,
395 2579 532 2648 venisse
559 2579 596 2646 in
625 2586 782 2648 mentem
811 2579 948 2669 pristini
976 2579 1029 2646 sui
1060 2576 1211 2657 laboris;

165 2715 230 2763 nec
265 2693 340 2762 siue
374 2692 561 2762 dulcedine
592 2695 753 2784 quadam,
783 2702 823 2763 ut
857 2693 998 2776 assolet,
1027 2694 1212 2762 incurrisse

165 2830 246 2877 eum
265 2809 363 2899 quasi
388 2810 424 2876 in
447 2810 597 2902 vestigia
619 2832 684 2900 per
709 2831 746 2878 se
772 2809 906 2878 dudum
933 2809 1007 2878 solo
1032 2811 1211 2900 impressa.

166 2923 259 2992 Illud
281 2947 364 2992 vero
385 2924 508 3014 majus,
528 2925 621 3015 quod
647 2947 718 2994 non
743 2925 849 2994 modo
876 2923 1070 2994 fabulosam
1096 2947 1212 2992 narra-

166 3038 309 3121 tionem,
328 3062 451 3109 verum
475 3041 580 3109 etiam
606 3041 692 3122 ἦθος,
710 3041 804 3130 quod
822 3047 961 3122 vocant,
979 3049 1016 3108 et
1034 3039 1212 3129 θεολογίαν

167 3151 379 3237 Promethei,
407 3157 502 3246 quod
532 3155 576 3224 ad
604 3156 645 3224 Io
674 3157 814 3238 attinet,
841 3156 1018 3248 complere
1046 3156 1213 3223 videntur

162 3266 321 3344 Ἰκέτιδες.
379 3269 523 3362 Nempe
554 3293 606 3352 eo,
636 3273 673 3339 ni
704 3270 817 3354 fallor,
851 3273 1031 3362 pertinent
1065 3272 1139 3362 ejus
1174 3271 1211 3338 in

166 3382 283 3454 fabula
310 3385 427 3476 priore
455 3393 584 3476 partes,
606 3394 647 3453 ut
677 3384 769 3454 clare
796 3387 946 3455 doceant
972 3385 1210 3478 Virgilianum

164 3496 261 3578 illud,
280 3499 324 3568 de
342 3500 478 3568 miseris
496 3501 669 3592 aegrisque
690 3502 907 3572 mortalibus.
959 3503 1050 3586 Quae
1073 3525 1212 3572 summa

166 3613 278 3683 fuerat
296 3614 486 3706 primamm
505 3615 696 3707 Tragoedias
713 3617 878 3707 partium,
893 3616 1096 3688 Promethei
1114 3618 1210 3686 vide-

166 3725 245 3798 licet
271 3730 392 3820 ipsius,
419 3753 538 3821 poenas
565 3730 695 3800 luentis
721 3743 865 3824 propter
890 3734 1037 3802 nimium
1064 3733 1208 3800 humani

165 3845 299 3933 generis
336 3846 517 3928 studium;
557 3848 706 3916 eandem
741 3849 852 3917 ferme
886 3851 990 3918 docet
1025 3858 1062 3917 et
1093 3846 1134 3915 Io
1164 3849 1209 3915 de

167 3960 304 4031 vivendi
328 3963 529 4032 conditione
557 3954 790 4045 sententiam;
821 3965 1004 4034 imminere
1029 3973 1209 4054 utcunque

577 4214 591 4251 b
610 4215 686 4268 Rlet.
700 4216 717 4268 i.
731 4227 756 4281 5.
770 4229 795 4283 5.
