2768 4876
164 340 228 405 748
303 338 479 424 Aprortiuru
493 348 519 402 oi
532 338 781 425 Philosophorum
795 360 957 404 comarum.
988 350 1213 405 rammxxxvu.

217 512 326 582 Porro
344 512 475 604 duplex
495 521 582 597 erat,
601 515 733 606 opinor,
752 537 865 596 causa,
884 538 946 584 cur
962 537 1000 584 se
1016 515 1215 608 Virgiliana

167 625 287 695 Possis
312 627 379 694 isto
397 625 513 695 colore
531 637 605 695 tam
632 630 773 720 penitus
796 629 973 698 imbuerit.
1027 628 1125 698 Nam
1147 628 1215 698 alia

166 765 248 811 eum
283 741 413 811 dixisse
442 742 662 824 crediderim,
693 743 788 812 dicto
823 744 1026 813 audientem
1062 744 1213 815 excelsae

167 857 306 927 cuidam
332 856 584 949 philosophiae:
613 858 683 928 alia
707 867 851 950 propter
875 860 1071 951 simplicem
1099 869 1137 929 et
1162 861 1216 928 iu-

166 983 289 1044 nctum
324 973 491 1067 agricolis
519 996 686 1044 amorem.
737 974 861 1066 Atque
892 976 935 1045 de
969 975 1039 1044 illis
1069 977 1212 1066 quidem

165 1089 337 1181 prioribus
358 1089 454 1170 alias,
473 1090 501 1158 si
520 1098 653 1181 potero,
672 1089 797 1159 dicam.
850 1089 959 1160 Nunc
985 1113 1099 1182 pauca
1115 1092 1212 1161 brevi

166 1204 435 1286 consideremus,
468 1227 545 1296 quae
575 1205 766 1298 agrestium
796 1205 908 1298 magis
937 1207 1080 1298 sapiunt
1109 1206 1212 1276 affec-

166 1332 254 1390 tum.

215 1436 424 1528 Quanquam
440 1432 500 1524 ,(ut
525 1436 562 1505 id
579 1438 673 1528 qnod
699 1460 754 1506 res
774 1446 828 1507 est
845 1437 974 1529 dicam)
992 1445 1121 1507 mutuo
1137 1439 1212 1507 vin-

164 1551 254 1633 culo,
281 1563 318 1621 et
352 1552 546 1622 arctissimo
577 1552 729 1644 quidem,
758 1560 1017 1623 connectuntur
1046 1554 1141 1622 inter
1174 1576 1211 1623 se

164 1668 238 1738 haec
257 1669 326 1737 duo
347 1691 487 1760 genera,
505 1667 656 1759 simplex
673 1668 840 1738 videlicet
864 1670 1041 1738 rusticitas
1064 1676 1103 1738 et
1128 1691 1211 1740 sana

164 1783 404 1875 philosophia;
432 1785 550 1854 utrix
568 1785 615 1854 sit
632 1785 743 1876 major
760 1786 931 1877 opinionis
956 1784 1106 1876 alicujus
1129 1808 1211 1854 cou-

163 1899 326 1981 firmatio,
348 1922 454 1990 quam
481 1901 507 1969 si
530 1901 621 1970 votis
645 1901 890 1991 ominibusque
913 1900 1062 1969 eandem
1086 1899 1212 1969 melior

163 2013 394 2106 agricolarum
431 2037 510 2106 pars
544 2015 764 2084 divinaverit.
822 2014 1056 2108 Pythagorica
1090 2015 1210 2107 itaque

164 2137 374 2211 commenta,
393 2152 454 2199 seu
473 2131 583 2200 mavis
602 2130 793 2212 Platonica,
811 2133 937 2223 quibus
962 2132 1079 2201 utitur
1104 2132 1211 2202 inter-

164 2246 249 2313 dum
268 2244 441 2338 Virgilius
467 2245 512 2314 de
538 2255 617 2315 ortu
645 2255 682 2316 et
712 2247 856 2316 interitu
884 2245 1100 2328 animalium,
1129 2269 1209 2316 cum

164 2361 206 2429 iis
227 2383 307 2451 quae
335 2361 441 2429 modo
468 2384 546 2430 sum
574 2362 731 2431 dicturus
757 2385 827 2430 non
854 2362 996 2431 dubiam
1027 2362 1209 2433 habebunt

164 2477 441 2545 consensionem.
498 2476 634 2546 Verum
669 2476 713 2546 de
748 2499 789 2546 ea
826 2501 864 2547 re
898 2478 1044 2569 posthac
1081 2479 1207 2548 videro.

166 2590 273 2660 Nuuc
307 2593 540 2683 perpendatis
571 2616 616 2660 an
653 2595 736 2662 satis
765 2593 856 2662 bene
887 2594 1100 2663 conveniant
1129 2617 1206 2663 cum

163 2706 395 2798 agricolarum
421 2708 606 2778 affectibus
632 2711 812 2778 tenerrimi
841 2732 960 2778 versus
987 2710 1031 2778 de
1059 2709 1205 2801 capella-

163 2846 240 2890 rum
265 2824 435 2912 pastione.
491 2823 610 2915 Fingit
629 2824 793 2894 videlicet
814 2826 992 2916 disputare
1017 2847 1149 2906 secum,
1168 2832 1204 2893 ut

162 2940 408 3029 linquendum
441 2938 559 3030 paullo
587 2940 796 3030 iniquiorem
823 2941 859 3008 iu
885 2939 973 3008 illud
999 2963 1113 3033 genus
1124 2951 1148 3022 ⁰,
1171 2962 1204 3008 se

163 3064 282 3124 autem
302 3054 355 3124 bis
373 3054 594 3146 respondere.

304 3192 356 3246 Hae
369 3211 474 3263 quoque
486 3211 541 3246 non
554 3211 618 3246 cura
630 3194 707 3248 nobis
719 3196 815 3248 leviore
828 3195 943 3258 tuendae,

302 3280 359 3332 Nec
372 3280 459 3333 minor
471 3298 537 3333 usus
550 3281 613 3334 erit:
634 3281 754 3351 quamvis
768 3281 872 3334 Milesia
883 3299 982 3351 magno

302 3365 405 3419 Vellera
417 3375 562 3429 mutentur,
575 3367 669 3436 Tyrios
682 3367 785 3420 incocta
796 3367 906 3420 rubores
918 3387 924 3420 z

303 3452 419 3506 Densior
430 3453 493 3505 hinc
509 3453 621 3515 soboles
636 3453 697 3506 hinc
709 3453 774 3523 largi
787 3454 863 3522 copia
873 3453 957 3506 lactis.
969 3495 974 3507 .
987 3494 993 3506 .
1005 3496 1010 3508 .

301 3539 359 3592 Nec
371 3540 460 3593 minus
474 3540 572 3592 interea
584 3540 679 3593 barbas
693 3541 838 3611 incanaque
850 3548 939 3592 menta

302 3625 426 3695 Cinyphii
439 3625 550 3679 tondent
562 3626 637 3689 hirci,
651 3636 771 3698 setasque
784 3636 927 3689 comantes,

301 3711 390 3764 Usum
402 3713 430 3764 iu
443 3721 590 3765 castrorum
603 3722 629 3766 et
641 3714 743 3767 miseris
756 3714 885 3767 velamina
897 3715 994 3767 nautis.

301 3797 450 3851 Pascuntur
463 3815 524 3851 vero
537 3800 633 3867 sylvas,
646 3808 671 3852 et
684 3817 789 3852 summa
801 3799 896 3870 Lycaei,

302 3883 500 3954 Horrentesque
512 3884 603 3948 rubos,
617 3894 643 3937 et
654 3895 773 3939 amantes
786 3886 869 3939 ardua
881 3886 986 3940 dumos.

298 3969 388 4040 Atque
400 3971 464 4039 ipsae
477 3988 607 4023 memores
621 3970 731 4024 redeunt
743 3972 771 4025 in
783 3981 860 4036 tecta,
874 3990 990 4043 suosque

300 4056 419 4117 Ducunt,
433 4065 459 4109 et
471 4055 581 4126 gravido
594 4067 720 4125 superant
733 4058 776 4111 vix
789 4059 869 4112 ubere
881 4059 971 4113 limen.

208 4169 376 4239 Praeclare
405 4195 487 4241 saue
516 4173 701 4241 admiscuit
732 4174 947 4263 argurnentis
987 4176 1032 4242 de
1062 4175 1139 4243 utili
1167 4181 1197 4240 ct

562 4351 572 4372 ⁰
589 4343 681 4410 Georp.
696 4359 720 4411 3.
735 4355 795 4410 305.
