2768 4876
163 343 348 387 runnxxu.
411 325 476 387 Gur
483 323 782 408 phreaodoeftreriut
797 323 993 390 Eumenides.
1144 327 1209 389 res

164 501 313 583 putatur
331 495 367 562 in
393 517 436 563 eo
456 495 545 564 libro
567 496 612 563 de
637 495 757 586 iniqua
779 495 981 564 conditione
999 494 1151 576 vivendi,
1168 504 1210 562 ut

165 609 288 678 redeat
306 610 450 678 demum
472 632 529 680 res
549 612 662 680 omnis
688 611 733 680 ad
758 611 862 679 unius
880 609 1134 680 Gubernatoris
1156 633 1210 680 ar-

165 723 339 795 bitrium?
370 748 477 816 quem
500 748 582 796 oum
603 726 720 796 emeda
739 748 841 818 posse
866 726 1016 806 fatearis,
1038 726 1210 796 concedas

164 847 317 929 oportet,
334 838 428 910 nihil
443 841 557 934 iniqui
574 865 649 912 eum
666 838 756 912 velle.

214 954 322 1038 Quod
352 966 473 1026 autem
508 956 684 1039 Minerva,
714 957 889 1027 caleulum
923 958 1054 1027 addens
1079 956 1210 1040 Oresti,

165 1090 244 1138 suas
258 1071 432 1161 quasdam
449 1071 602 1141 rationes
617 1071 768 1162 subjecit
781 1081 826 1138 ¹¹¹:

376 1224 459 1293 pqr-dp
470 1225 521 1295 γὰρ
533 1228 603 1280 οὔτις
614 1225 694 1287 ἐστιν,
708 1224 723 1293 ἣ
734 1223 760 1293 μ’
774 1224 896 1295 ἐγείνατο.

377 1309 407 1363 τὸ
420 1309 442 1363 δ’
455 1310 537 1382 ἅρσὲν
548 1311 609 1364 uinci
620 1311 711 1375 πάντα,
723 1310 792 1379 πλὴν
803 1311 886 1381 γάμου
899 1314 995 1381 τυχεῖν,

376 1395 469 1450 dudm
481 1397 561 1471 θύμῳ,
576 1398 655 1467 κάρτα
668 1396 691 1451 δ’
703 1397 754 1467 εἰμὶ
766 1401 812 1451 τοῦ
823 1399 928 1466 πατρός.

377 1481 444 1536 οὕτω
456 1484 574 1554 γυναικὸς
585 1484 616 1537 οὔ
627 1482 779 1554 προτιμήσω
791 1486 872 1554 μόρον

376 1568 457 1638 ἇνδρᾶ
469 1566 611 1638 morsuque
622 1570 744 1640 δωμάτων
756 1569 904 1625 ἒπῖσκοπον

164 1707 275 1776 nolite
301 1716 428 1799 putare
454 1718 591 1780 tantam
613 1732 689 1780 rem
706 1717 778 1780 tam
802 1708 871 1779 levi
892 1716 1100 1802 argumento
1125 1729 1210 1799 pen-

165 1822 258 1890 dere.
313 1822 399 1892 Non
424 1825 475 1894 rei
498 1847 673 1894 summam
694 1825 849 1918 explieat
869 1824 924 1892 his
942 1821 1116 1904 Minerva
1134 1833 1212 1891 tan-

79 1945 86 1955 ’
165 1944 243 2005 tum
272 1939 441 2008 admonet
458 1941 551 2031 'quid
579 1940 645 2010 sibi
675 1941 720 2010 sit
748 1940 786 2008 in
816 1961 929 2021 eausa,
956 1961 1019 2007 eur
1045 1937 1211 2006 foemineo

166 2061 284 2122 eareat
307 2053 447 2136 affeetu,
466 2078 581 2146 neque
598 2055 671 2126 ulla
688 2079 734 2126 ex
750 2064 851 2147 parte
868 2077 950 2124 oum
966 2059 1080 2122 matre
1097 2054 1211 2122 oeoisa

167 2170 307 2238 sentiat.
351 2169 408 2238 Ex
426 2193 496 2260 quo
514 2171 675 2255 efficitur,
691 2172 897 2263 sapientiam
915 2169 1023 2251 illam,
1037 2193 1114 2260 quse
1133 2167 1211 2238 Diis

167 2291 318 2374 cognata
337 2283 384 2353 sit
408 2291 446 2354 et
472 2284 659 2367 simillima
678 2283 813 2354 virilem
837 2285 1014 2375 quandam
1036 2283 1122 2368 fore,
1139 2306 1213 2353 eas-

166 2403 251 2476 tam,
270 2419 440 2477 severam,
457 2398 598 2489 qualern
622 2401 710 2470 nihil
729 2423 884 2491 unquam
903 2402 947 2470 de
967 2400 1079 2492 gradu
1102 2401 1212 2490 possit

167 2510 339 2603 dejicere:
377 2536 558 2604 nunquam
593 2515 773 2598 efficietur,
803 2517 878 2586 sine
912 2514 990 2585 Diis
1019 2515 1210 2606 quidquam

167 2649 245 2696 eam
263 2651 378 2722 agere.
430 2679 434 2685 -

218 2743 290 2814 Sed
313 2769 359 2814 ex
386 2747 499 2816 tribus
524 2746 594 2817 illis
615 2747 725 2817 veluti
749 2747 907 2817 Deorum
929 2745 1108 2815 ordinibus
1125 2768 1212 2836 quo-

166 2861 272 2929 modo
299 2870 439 2931 constet
469 2865 684 2955 gravissimae
713 2863 969 2955 provocationis
999 2862 1099 2943 ratio,
1128 2862 1211 2930 satis

160 2973 237 3065 jam
264 2978 466 3067 expositum
492 3000 568 3047 esse
585 2979 736 3047 videtur.
789 2977 895 3060 Quod
918 2984 1097 3067 superest:
1124 2998 1212 3066 quo-

167 3091 262 3159 niam
287 3091 354 3161 hue
380 3114 485 3161 eausa
501 3093 678 3162 ceciderat
703 3093 843 3185 gravior
866 3100 903 3162 et
925 3091 1096 3162 austerior
1120 3113 1210 3181 pars,

167 3208 363 3275 cavendum
396 3217 482 3288 erat,
508 3230 554 3276 ne
589 3208 681 3277 forte
708 3208 972 3277 deminueretur
1005 3205 1137 3297 aliquid
1168 3207 1212 3274 de

167 3342 288 3390 earum
313 3322 456 3392 honore.
510 3323 594 3395 Non
614 3324 708 3392 enim
729 3323 842 3392 voluit
860 3321 1046 3414 AEsohylus
1064 3321 1211 3391 Numen

167 3434 360 3528 benignum
377 3438 422 3507 de
440 3437 602 3507 Numine
627 3460 747 3507 severo
772 3438 1001 3529 triumphare,
1019 3438 1081 3507 sed
1104 3461 1211 3507 unam

166 3551 386 3642 eandemque
415 3551 559 3643 reperiri
590 3552 748 3621 omnium
781 3551 981 3621 Numiuum
1012 3551 1082 3619 vim
1113 3574 1212 3621 men-

165 3672 311 3756 temque
334 3667 371 3735 in
392 3689 431 3735 re
456 3667 683 3737 sanctissima.
736 3666 872 3758 Itaque,
891 3665 1018 3737 Oreste
1037 3667 1211 3748 absoluto,

165 3801 237 3847 non
271 3781 393 3850 statim
427 3789 637 3873 premuntur
669 3780 790 3851 aulaea
847 3781 994 3851 Etenim
1029 3781 1211 3872 placandae

165 3901 266 3963 erant
283 3893 465 3987 Erinnyes,
483 3919 555 3965 non
578 3897 691 3966 solum
712 3906 858 3989 propter
877 3898 1012 3978 urbem,
1030 3919 1210 3988 agrosque,

165 4010 225 4077 sed
242 4008 358 4079 multo
376 4010 488 4104 magis
508 4019 654 4102 propter
669 4012 780 4081 vitam
801 4035 986 4103 moresque
1003 4013 1210 4094 hominum;

165 4141 209 4188 ne
226 4144 264 4190 se
281 4123 467 4212 quisquam
487 4123 586 4214 pium
603 4124 807 4214 bonumque
825 4125 899 4193 fore
917 4125 1037 4193 eredat
1055 4147 1210 4216 unquam

593 4341 610 4362 ”¹
628 4333 704 4386 Eum.
720 4346 779 4402 739.

646 4441 666 4488 s
685 4421 702 4489 f
717 4427 739 4491 2
