2768 4876
164 329 350 381 ταραχάς.
368 319 398 373 ιι
404 310 582 393 praesertim
592 309 731 394 Πυραία,
741 309 896 373 advocata
905 308 1135 372 adHiaroaem.
1150 307 1209 370 501

164 480 313 549 adversa
338 478 542 548 valetudine
571 477 754 548 laborabat
765 489 777 547 ε’
806 500 885 547 eam
915 478 1036 568 itaque
1064 476 1217 547 occasio·

164 615 250 662 nem
276 601 402 664 naotus
420 593 542 676 Poeta,
561 594 797 663 narrationem
822 592 978 661 instituit
999 590 1217 683 elegantissi-

165 730 263 777 mam
292 707 402 790 illam,
429 709 473 777 de
500 706 693 798 AEseulapii
721 716 813 787 ortu,
846 706 1016 787 doctrina,
1044 706 1215 775 interitu:

166 844 237 913 quo
255 823 293 890 in
306 823 461 892 carmine
476 822 592 892 multa
608 823 716 892 habet
735 845 781 892 ex
798 822 924 891 intima
941 830 979 890 et
996 819 1216 889 sanctissima

166 937 339 1030 religione
357 939 575 1029 deprompta.
628 935 819 1006 Advertite
839 945 970 1016 autem,
988 957 1094 1026 quam
1114 932 1214 1014 molli

167 1048 263 1119 flexu
284 1050 448 1120 deveniat
462 1052 611 1121 'tandem
630 1050 788 1142 Scriptor
805 1050 850 1119 ad
874 1051 990 1141 ipsum
1008 1047 1215 1126 Hieronem,

166 1163 210 1232 ad
241 1187 393 1256 eamque
427 1189 604 1258 pompam,
632 1189 713 1256 quae
741 1167 817 1256 jam
847 1174 924 1234 tum
949 1163 1137 1257 Syracusas
1162 1163 1216 1230 in·

167 1281 441 1373 grediebaturx:

309 1441 332 1496 εἶ
344 1442 373 1496 δὲ
385 1442 501 1513 σώφρων
512 1442 605 1512 άντρον
616 1441 677 1495 ἔναι’
689 1443 727 1497 ἔτι
739 1442 846 1512 Χείρων,
859 1441 905 1494 καί
912 1441 938 1494 τί
950 1443 974 1494 οῖ

308 1527 422 1599 φίλτρον
434 1528 461 1582 έν
473 1528 544 1601 θυμῷ
556 1529 710 1599 μελιγάρυες
722 1527 795 1597 ὕμνοι

307 1612 427 1684 ἅμέτεροι
440 1613 517 1668 τίθεν·
538 1611 627 1684 ἲατῆρα
639 1614 680 1668 ταί
692 1613 735 1668 κέν
746 1635 785 1667 νιν
795 1612 873 1666 πίθον

308 1699 351 1752 καὶ
363 1702 407 1754 νῦν
419 1699 525 1753 ἐσλοῖσι
537 1703 684 1769 παρασχεῖν
694 1698 818 1769 ἀνδράσιν
830 1699 926 1769 θερμῖιν
937 1699 1023 1752 νόσων

307 1788 326 1854 ἤ
337 1806 392 1839 τινα
404 1783 518 1839 Λατοΐδα
529 1784 683 1854 κεκλήμενον
694 1784 709 1853 ἢ
721 1783 840 1854 πατέρος·

307 1871 351 1925 καί
362 1892 405 1925 κεν
416 1871 444 1925 έν
455 1874 546 1925 ναῦσιν
557 1873 641 1940 μόλον
651 1870 743 1926 Ἰονίαν
754 1870 852 1940 τέμνων
863 1868 1010 1931 θάλασσαν,

306 1954 466 2026 Ἀρέθουσαν
478 1956 520 2010 ε’πὶ
532 1955 625 2026 κράναν
636 1955 696 2026 παρ’
710 1956 829 2010 Αἰτναῖον
840 1953 922 2022 ξένον,

307 2038 337 2096 ὃς
348 2043 544 2110 Συρακόσσαισι
556 2039 624 2109 νέμει
636 2042 763 2105 βασιλεῦς

305 2123 390 2193 πραῦς
400 2125 500 2188 ἀστοῖς,
513 2127 543 2178 οὐ
555 2125 673 2195 φθονέων
684 2126 799 2198 ἀγαθοῖς,
811 2123 904 2192 ξείνοις
915 2125 945 2178 δὲ
956 2123 1104 2193 θαυμαστὸς
1114 2120 1208 2192 πατήρ.

306 2213 343 2282 τῷ
355 2210 410 2279 μὲν,
424 2210 531 2280 διδύμας
541 2210 659 2282 χάριτας,

306 2294 330 2346 εἶ
349 2294 459 2358 κατέβαν
477 2296 574 2366 ὑγίειαν
591 2297 661 2367 ἄγων
675 2294 802 2367 χρυσέαν,
813 2297 897 2365 κῶμόν
914 2293 936 2349 τ’
949 2293 1048 2348 ἆέθλων
1059 2293 1163 2348 Πυθίων
1175 2291 1214 2346 α’ί·

377 2383 446 2451 γλαν
457 2380 609 2451 στεφάνοις,

306 2465 367 2521 τοὺς
378 2464 521 2537 ἀριστεύων
533 2467 666 2536 Φερένικος
678 2466 719 2521 ἕλ’
733 2468 760 2522 ε’ν
773 2467 856 2538 Κίρρᾳ
867 2489 939 2530 ποτε,

306 2547 418 2620 ἀστέρος
429 2552 557 2619 οὐρανίου,
569 2553 648 2622 φαμὶ,
660 2552 868 2624 τηλαυγέστερον
879 2552 952 2622 κείνῳ
963 2549 1031 2622 φάος

306 2633 478 2704 ε’ξικόμανκε,
490 2637 574 2700 βαθὺν
584 2641 680 2693 πόντον
690 2638 824 2708 περάσαις.

167 2786 309 2861 Videtis
347 2794 470 2863 adesse
505 2793 620 2864 Deam
658 2797 769 2887 ipsam
807 2794 994 2888 Hygeiam,
1029 2815 1111 2862 eum
1150 2776 1214 2861 suo

165 2906 336 2989 antistite,
366 2907 474 2977 ohoro
508 2908 714 3000 triumphali
747 2911 927 2979 comitem.
982 2908 1073 2975 Tum
1108 2907 1213 2998 quale

165 3016 263 3100 illud,
282 3021 378 3110 quod
402 3023 607 3115 appingitur
623 3025 883 3114 quodammodo
909 3023 1090 3092 luculenta
1115 3023 1213 3112 quasi

165 3132 304 3222 pictura
326 3134 431 3204 fausti
460 3136 592 3219 sideris„
610 3137 732 3228 prooul
750 3139 787 3207 in
804 3136 954 3208 Oriente
975 3160 1080 3228 super
1100 3136 1213 3206 altum

165 3269 261 3316 mare
278 3250 474 3341 surgentis:
498 3249 640 3345 ἆστὲρος
657 3251 813 3346 οὐρανίου,
831 3283 860 3320 κ.
878 3283 911 3322 τ.
929 3259 963 3320 λ.
1019 3252 1110 3342 Ejus
1135 3272 1214 3342 pro·

166 3360 260 3430 fecto
294 3385 396 3434 venae
431 3372 524 3446 sunt,
559 3388 639 3455 quae
674 3367 749 3436 visa
789 3367 948 3447 subinde,
983 3375 1107 3435 natum
1141 3388 1212 3434 non

165 3474 301 3544 factum
319 3476 470 3546 Poetam
488 3480 623 3569 optime
640 3479 807 3550 declaret.

219 3588 341 3659 Etiam
375 3592 412 3660 in
440 3594 595 3682 quodam
630 3595 776 3663 exordio
811 3594 997 3687 magnifiee
1031 3594 1211 3684 praedicat,

166 3700 282 3772 Horas
317 3704 420 3795 ipsas,
450 3728 514 3774 seu
542 3707 664 3777 fatalia
693 3715 864 3800 tempora,
895 3709 1024 3777 versari
1054 3709 1091 3777 in
1121 3709 1211 3777 festa

166 3837 287 3886 eorum
304 3825 456 3901 caterva,
473 3821 534 3909 qui
551 3829 642 3889 nunt
628 3821 756 3890 tiatum
774 3823 959 3891 victoriam
976 3824 1165 3890 veniunt!

305 3975 426 4047 ε’λάτηρ“
413 3978 539 4047 υπέρτατε
550 3983 662 4050 βροντᾶς
672 3981 880 4046 άκαμαντοπόδας
892 3987 948 4036 Ζεῦ·
968 4004 1023 4036 τεαι
1014 3983 1115 4053 γάρ“’
1098 4004 1162 4052 ωραι
