2768 4876
169 326 233 395 706
362 325 523 391 rieuert'oro
537 321 678 408 quadum
692 319 779 405 apud
791 318 979 382 Lueretium.
1016 300 1215 378 iannxxxv.

311 493 378 547 'l'res
390 493 490 563 species
502 500 557 546 tam
569 489 720 553 dissimiles,
731 489 782 543 tria
792 488 854 542 talia
864 494 945 549 texta,

312 577 376 632 Una
388 576 444 631 dies
456 576 530 631 dabit
541 576 638 638 exitio;
656 575 807 645 multosque
818 589 962 642 perunum

312 663 466 718 Sustentata
476 670 535 716 ruet
545 662 638 725 moles,
651 678 681 714 ao
692 658 815 714 machina
826 657 929 712 mundi.

223 781 352 876 Neque
382 805 464 851 vero
493 783 529 850 id
559 779 647 849 nihil
675 779 719 848 ad
749 777 919 870 pietatem
948 778 1092 858 attinet,
1124 777 1218 868 quod

170 899 343 993 evulgari
365 899 446 967 vitae
471 906 604 977 tenore,
629 894 675 964 ab
700 895 812 984 iisque
836 891 952 973 rebus,
976 914 1058 982 quae
1083 891 1216 983 populo

171 1013 318 1082 suntin
348 1012 492 1093 deliciis,
524 1010 665 1102 penitus
692 1007 913 1077 abducantur
945 1015 1053 1098 atque
1083 1006 1218 1076 abstra-

171 1128 301 1198 hantur
317 1128 425 1198 animi
434 1136 462 1193 ¹¹.

312 1264 338 1319 0
350 1265 459 1319 miseras
471 1263 613 1318 hominum
624 1267 741 1317 mentes!
759 1261 785 1315 Ο
797 1269 903 1332 pectora
914 1251 1001 1314 emeat

311 1350 443 1410 Qualibus
455 1351 484 1404 in
495 1350 611 1405 tenebris
624 1349 693 1413 vitae,
705 1349 863 1421 quantisque
874 1348 979 1417 periclis

310 1437 425 1508 Degitur
435 1437 487 1491 hoo
498 1437 549 1491 aevi
560 1435 739 1507 quodcunque
750 1443 790 1490 est
799 1439 805 1488 1

220 1560 359 1630 Deinde
376 1568 455 1652 post
472 1558 591 1652 paullo
601 1569 629 1640 ¹,

312 1693 393 1753 Quod
405 1695 429 1748 si
440 1695 552 1749 ridicula
562 1695 629 1759 haec,
642 1694 808 1765 ludibriaque
819 1711 877 1748 esse
888 1694 1021 1758 videmus,

309 1779 461 1850 Reveraque
472 1788 560 1834 metus
571 1779 721 1843 hominum,
733 1797 857 1851 curaeque
868 1798 1002 1852 sequaces,

308 1866 367 1920 Nec
378 1874 502 1920 metuunt
514 1867 617 1920 sonitus
629 1883 773 1929 armorum,
786 1883 835 1920 nec
847 1866 902 1920 iera
913 1869 973 1930 tela,

308 1950 494 2023 Audacterque
505 1951 574 2004 inter
585 1969 660 2022 reges
672 1969 813 2022 rerumque
824 1961 945 2021 potentes

308 2037 464 2100 Versantur,
477 2054 563 2108 neque
575 2037 706 2107 fulgorem
718 2047 870 2092 reverentur
881 2038 915 2093 ab
927 2056 1002 2103 auro,

308 2122 366 2177 Neo
378 2124 480 2177 clarum
491 2123 571 2176 vestis
584 2122 751 2192 splendorem
764 2125 913 2194 purpureai,

310 2208 384 2268 Quid
397 2208 511 2272 dubitas,
525 2209 590 2281 quin
602 2227 681 2263 omne
694 2209 791 2263 sithoc
803 2210 912 2264 rationis
924 2216 1047 2281 egestas?

308 2294 406 2350 Omnis
419 2312 482 2350 oum
492 2295 521 2349 in
532 2295 647 2350 tenebris
659 2296 806 2366 praesertim
817 2296 872 2350 vita
881 2295 992 2350 laboret.

172 2416 314 2500 Videte,
341 2440 387 2486 an
420 2417 513 2509 apud
544 2424 744 2509 quenquam
779 2418 992 2486 severiorum
1026 2416 1211 2487 inveniatis

166 2533 260 2622 quod
285 2541 429 2603 tenuem
455 2534 596 2614 victum,
621 2533 847 2624 animumque
872 2555 979 2624 parvo
1003 2542 1208 2603 contentum

166 2648 278 2739 magis
296 2649 530 2717 commendet.

216 2761 284 2831 His
305 2764 451 2842 aooedit,
470 2764 563 2854 quod
582 2761 690 2831 semel
714 2770 821 2853 atque
842 2764 971 2830 iterum
989 2785 1072 2831 oum
1090 2763 1212 2854 volup-

166 2884 241 2944 tate
256 2877 407 2969 quadam
425 2876 585 2968 indulget
602 2877 696 2945 idem
715 2877 886 2945 desiderio
905 2879 1022 2946 neseio
1040 2880 1098 2947 oui
1117 2879 1209 2948 beati

166 2991 314 3081 purique
332 2989 491 3058 aetheris:

304 3133 421 3202 Apparet
434 3133 536 3187 Divum
548 3152 656 3196 numen,
670 3133 797 3204 sedesque
810 3135 913 3206 quietae.

166 3253 288 3344 Atque
313 3256 420 3323 etiam
446 3256 481 3322 in
503 3255 656 3344 quodam
678 3277 778 3324 versu
802 3258 895 3347 apud
919 3281 1001 3326 eum
1028 3259 1211 3329 nominan-

166 3377 224 3435 tur
235 3379 248 3423 l

306 3485 391 3549 Luna,
404 3486 469 3551 dies,
482 3497 508 3541 et
520 3506 582 3551 nox,
596 3498 621 3543 et
633 3489 719 3543 noctis
732 3489 809 3560 signa
820 3507 916 3544 severo.

164 3606 292 3679 Severa
316 3617 438 3678 autem
464 3633 527 3679 eur
549 3620 651 3682 vocet
678 3623 782 3696 astra,
809 3636 879 3681 non
906 3614 1069 3704 equidem
1097 3617 1209 3698 video,

166 3723 231 3790 nisi
259 3723 425 3813 quoniam
456 3747 578 3793 eorum
609 3736 752 3817 aspectu
783 3736 1002 3796 contremere
1032 3727 1145 3799 soleat
1174 3741 1209 3800 et

166 3836 249 3926 ipse,
268 3837 365 3927 quasi
383 3860 501 3906 eoram
518 3838 611 3907 adsit
628 3841 679 3908 vis
696 3839 856 3930 quaedam
873 3841 984 3930 major
1000 3840 1165 3914 humana.

216 3950 355 4020 Deinde
372 3953 573 4023 conferatur
591 3954 746 4024 Lucretii
764 3956 911 4047 pictura,
926 3978 995 4045 qua
1011 3955 1133 4026 laudat
1150 3957 1209 4026 ille

165 4063 222 4132 vel
248 4087 307 4134 rus
330 4068 490 4156 quietum
517 4067 572 4137 vel
600 4068 799 4160 tranquillae
828 4070 1058 4163 philosophiae
1085 4075 1206 4152 otium,

285 4295 301 4323 ¹¹
319 4287 398 4340 Lucr.
413 4304 438 4342 2.
454 4306 494 4356 14.
636 4301 650 4327 ¹
663 4308 687 4345 2.
701 4292 744 4358 46.
930 4304 982 4364 ³⁷5.
998 4296 1076 4365 1189.
