2768 4876
171 340 267 381 rann
279 279 394 380 summ.v
432 317 504 379 Noa
518 316 552 378 ia
566 314 640 397 stylo
648 315 725 399 poni
739 313 877 376 caticum
891 313 1006 374 Pacata.
1163 311 1228 375 577

172 496 345 581 tangant;
366 490 474 558 modo
491 486 707 557 numeranda
723 485 793 554 sint
811 485 846 553 in
865 485 1102 552 instrumento
1116 490 1224 570 atque

134 595 138 602 ’
173 607 209 674 in
227 603 441 697 supellectili
459 605 544 695 ejus.

223 717 280 789 Ac
294 721 449 811 primum
463 720 508 788 de
520 717 658 787 mellito
671 716 733 786 illo
746 715 952 796 Atticismo,
966 714 1223 802 verborumque

174 844 210 903 et
237 837 493 905 sententiarum
519 834 695 925 exquisita
719 833 875 902 ratione:
907 853 1012 900 nemo
1037 830 1162 912 nescit,
1187 829 1223 897 in

173 949 234 1019 illo
260 974 392 1044 genere
414 950 532 1020 Deum
558 971 661 1041 paene
684 947 805 1017 haberi
828 945 1051 1039 Sophoclem,
1069 944 1223 1036 eleganti

175 1067 379 1138 Graecarum
409 1068 546 1137 aurium
568 1065 725 1157 judicio:
756 1064 930 1154 siquidem
960 1061 1128 1133 credibile
1158 1071 1222 1142 est,

174 1203 243 1249 non
264 1183 359 1250 male
378 1179 496 1272 colligi
522 1179 686 1271 suffragia
706 1187 744 1247 et
766 1178 882 1247 studia
907 1175 1027 1269 populi
1051 1184 1137 1245 noto
1161 1175 1222 1245 illc

174 1319 212 1365 ac
230 1295 470 1390 pulcherrimo
487 1297 742 1388 epigrammate
751 1303 776 1373 f,

350 1457 422 1530 ἤρεμ
434 1460 498 1530 ὑπὲρ
510 1460 619 1527 τυμβοῖο
631 1459 787 1527 Σοφόκλεος,
801 1459 890 1526 ἤρεμα,
903 1456 989 1520 alone,

385 1544 512 1615 ἔμπῦζοις,
523 1544 650 1615 χλοεροῦς
662 1543 809 1612 ἔκπροχέον
820 1544 975 1611 πλοκάμους·

350 1632 392 1686 καὶ
403 1632 516 1686 πετολὸν
527 1631 609 1697 πάντη
620 1629 717 1683 θάλλοι
728 1628 816 1697 ροδοῦ,
829 1627 847 1696 ἧ
856 1649 885 1681 τε
896 1628 1034 1698 φιλόρρωξ

384 1717 504 1787 ἄμπελος,
519 1715 586 1787 ὗγρα
596 1716 674 1786 περὶξ
686 1714 803 1783 κλήμοτο
814 1714 949 1785 χευομένη·

349 1802 442 1857 εἵνεκεν
453 1803 554 1871 eulmine
564 1803 761 1872 πινιπόφρονος,
774 1800 804 1869 ἣν
816 1803 831 1854 ὁ
842 1803 967 1871 μελιχρος

382 1892 506 1958 ἤσκησεν,
519 1890 629 1944 Μουσᾶν
640 1886 739 1959 ἄμμιγα
751 1888 792 1941 sal
803 1888 925 1958 χαρίτων.

174 2029 375 2110 Videtisne,
390 2029 549 2109 hederae,
565 2029 774 2097 “doctarum
793 2029 936 2119 praemia
953 2028 1154 2111 frontium‚”
1165 2053 1220 2100 ca·

173 2144 235 2234 piti
253 2143 332 2235 ejus
349 2143 483 2235 imponi
501 2143 656 2212 maxime
673 2149 817 2232 propter
834 2140 956 2221 εὐεπίην
972 2140 1221 2237 πινοτόφμονας

172 2260 271 2352 cujus
307 2265 442 2350 quanta
475 2259 527 2328 vis
561 2258 668 2327 fuerit
702 2258 796 2349 apud
832 2255 988 2339 Graecos,
1023 2259 1220 2348 praesertim

173 2371 421 2458 Athenienses,
444 2374 594 2443 arbitror
614 2373 779 2466 equidem
797 2373 857 2441 vix
879 2372 948 2442 levi
966 2374 1117 2463 quadam
1143 2396 1221 2464 per-

171 2490 240 2581 cipi
258 2511 362 2581 posse
379 2491 592 2580 conjectura,
610 2489 776 2560 crassiore
799 2489 867 2558 hoc
893 2483 987 2568 calo,
1004 2489 1220 2560 surdioribus

171 2603 296 2673 horum
332 2604 517 2673 hominum
551 2604 704 2674 auribus.
760 2604 899 2676 Verum
933 2605 1124 2686 enimvero,
1159 2607 1219 2696 qui
1303 2657 1306 2661 .

171 2721 274 2789 istam
302 2719 426 2799 οὖεπίην
449 2742 632 2812 permeare
654 2719 765 2790 velint
790 2721 989 2790 universam
1016 2744 1038 2790 a
1062 2721 1220 2790 fontibus

171 2843 208 2904 et
232 2835 350 2927 capite
373 2835 511 2916 Possim
535 2835 600 2905 hos
624 2836 774 2905 dixerim
796 2837 924 2905 versari
947 2836 984 2904 in
1007 2859 1122 2906 errore
1148 2860 1219 2907 non

171 2973 312 3042 prorsus
335 2949 416 3034 alio,
438 2951 528 3020 acsi
547 2952 625 3042 quis
647 2974 791 3043 corpore
817 2974 888 3020 non
914 2952 1031 3021 animo
1057 2951 1152 3023 dicat
1176 2976 1220 3029 ea

171 3089 233 3136 nos
259 3067 391 3136 sentire
417 3089 498 3159 quae
524 3075 690 3137 externos
716 3068 848 3137 feriunt
876 3089 1017 3138 sensus:
1049 3091 1130 3137 cum
1157 3069 1219 3137 do.

171 3190 249 3253 ceat
275 3204 318 3252 ea
342 3181 563 3275 philosophia
580 3202 661 3274 quae
679 3183 753 3252 sola
769 3192 806 3253 et
828 3206 911 3253 sana
928 3183 973 3252 sit
991 3191 1028 3252 et
1053 3184 1215 3276 ingenua,

171 3320 214 3367 ne
244 3320 340 3366 nunc
366 3297 509 3388 quidem
531 3297 586 3368 his
611 3298 722 3368 oculis
747 3298 841 3368 cerni
868 3320 910 3368 ea
935 3321 1016 3390 quae
1041 3297 1216 3380 videntur,

170 3434 284 3504 neque
309 3412 365 3481 his
387 3412 529 3481 auribus
552 3414 663 3485 audiri
687 3434 812 3482 sonos:
840 3412 924 3503 quin
948 3413 1003 3482 his
1025 3414 1123 3504 quasi
1141 3413 1217 3504 qui-

169 3526 316 3597 busdam
347 3527 485 3596 nunciis
514 3528 667 3598 animam
698 3529 793 3597 domi
825 3527 1007 3598 sedentem
1038 3529 1102 3597 uti.
1155 3527 1215 3598 Sic

169 3640 335 3722 Poeticae,
353 3650 522 3733 tanquam
539 3643 677 3734 reginae,
696 3644 904 3713 nunciorum
924 3643 1002 3713 loco
1019 3644 1214 3713 inserviunt

167 3763 241 3826 tam
258 3755 366 3824 verba
383 3778 490 3848 quam
507 3755 665 3825 numeri:
694 3779 764 3826 non
788 3759 1024 3840 dominantur,
1050 3781 1121 3826 non
1144 3759 1213 3848 pri-

166 3893 240 3942 mas
265 3880 388 3965 agunt,
408 3893 480 3938 non
502 3872 707 3941 accenditur
724 3895 845 3941 eornm
864 3895 931 3964 ope
949 3872 1095 3942 caelestis
1113 3871 1211 3941 llam·

165 4008 232 4067 ma,
249 3992 464 4078 propagatur
489 3986 604 4054 modo.
651 3984 707 4054 Ex
725 4007 795 4075 quo
812 3984 992 4065 efficimus,
1011 3987 1212 4076 quicunque

165 4096 286 4178 Poeta,
299 4097 435 4187 judicio
454 4099 621 4178 omnium,
635 4099 809 4190 praecipue
826 4101 1095 4170 commendetur
1109 4101 1210 4190 copia

478 4291 485 4306 ”
582 4315 711 4367 rsnrtot.
727 4332 750 4368 1.
762 4332 788 4384 3.

656 4425 677 4473 Ρ
691 4427 717 4498 P
