<?xml version="1.0" encoding="UTF-8"?>
<!DOCTYPE html PUBLIC "-//W3C//DTD XHTML 1.0 Transitional//EN"
    "http://www.w3.org/TR/xhtml1/DTD/xhtml1-transitional.dtd">
<html xmlns="http://www.w3.org/1999/xhtml" xml:lang="en" lang="en">
 <head>
  <title>
</title>
<meta http-equiv="Content-Type" content="text/html;charset=utf-8" />
  <meta name='ocr-system' content='tesseract 3.04.00' />
  <meta name='ocr-capabilities' content='ocr_page ocr_carea ocr_par ocr_line ocrx_word'/>
</head>
<body>
  <div class='ocr_page' id='page_1' title='image "./depoeticaevimed00keblgoog_0171.png"; bbox 0 0 2768 4876; ppageno 0'>
   <div class='ocr_carea' id='block_1_1' title="bbox 171 263 1211 345">
    <p class='ocr_par' dir='ltr' id='par_1_1' title="bbox 171 263 1211 345">
     <span class='ocr_line' id='line_1_1' title="bbox 171 263 1211 345; baseline 0.016 -17"><span class='ocrx_word' id='word_1_1' title='bbox 171 263 236 329; x_wconf 75' lang='lat'>546</span> <span class='ocrx_word' id='word_1_2' title='bbox 385 269 509 334; x_wconf 79' lang='lat' dir='ltr'>Monito</span> <span class='ocrx_word' id='word_1_3' title='bbox 524 272 672 336; x_wconf 80' lang='lat' dir='ltr'>Aroosilae</span> <span class='ocrx_word' id='word_1_4' title='bbox 686 295 707 337; x_wconf 91' lang='grc' dir='ltr'>α</span> <span class='ocrx_word' id='word_1_5' title='bbox 722 275 862 340; x_wconf 77' lang='lat' dir='ltr'>Pindaro</span> <span class='ocrx_word' id='word_1_6' title='bbox 877 276 960 342; x_wconf 78' lang='lat' dir='ltr'>doto.</span> <span class='ocrx_word' id='word_1_7' title='bbox 1005 301 1211 345; x_wconf 77' lang='lat' dir='ltr'>runnxxvu.</span> 
     </span>
    </p>
   </div>
   <div class='ocr_carea' id='block_1_2' title="bbox 170 447 1214 661">
    <p class='ocr_par' dir='ltr' id='par_1_2' title="bbox 170 447 1214 661">
     <span class='ocr_line' id='line_1_2' title="bbox 173 447 1214 555; baseline 0.013 -36"><span class='ocrx_word' id='word_1_8' title='bbox 173 447 299 532; x_wconf 83' lang='lat' dir='ltr'>Graeci,</span> <span class='ocrx_word' id='word_1_9' title='bbox 319 449 374 519; x_wconf 92' lang='lat' dir='ltr'>vel</span> <span class='ocrx_word' id='word_1_10' title='bbox 392 460 536 543; x_wconf 88' lang='lat' dir='ltr'>propter</span> <span class='ocrx_word' id='word_1_11' title='bbox 555 478 720 547; x_wconf 87' lang='lat' dir='ltr'>responsa</span> <span class='ocrx_word' id='word_1_12' title='bbox 746 459 1014 530; x_wconf 80' lang='lat' dir='ltr'>vaticinantium</span> <span class='ocrx_word' id='word_1_13' title='bbox 1031 461 1088 532; x_wconf 85' lang='lat' dir='ltr'>vel</span> <span class='ocrx_word' id='word_1_14' title='bbox 1114 485 1214 555; x_wconf 84' lang='lat' dir='ltr'>prop·</span> 
     </span>
     <span class='ocr_line' id='line_1_3' title="bbox 170 562 753 661; baseline 0.019 -32"><span class='ocrx_word' id='word_1_15' title='bbox 170 569 226 630; x_wconf 93' lang='lat' dir='ltr'>ter</span> <span class='ocrx_word' id='word_1_16' title='bbox 243 562 402 634; x_wconf 86' lang='lat' dir='ltr'><strong>Deorum</strong></span> <span class='ocrx_word' id='word_1_17' title='bbox 420 589 466 635; x_wconf 87' lang='lat' dir='ltr'>ex</span> <span class='ocrx_word' id='word_1_18' title='bbox 484 568 591 661; x_wconf 86' lang='lat' dir='ltr'>adyto</span> <span class='ocrx_word' id='word_1_19' title='bbox 609 567 753 640; x_wconf 64' lang='lat' dir='ltr'>voeesk.</span> 
     </span>
    </p>
   </div>
   <div class='ocr_carea' id='block_1_3' title="bbox 309 736 1212 819">
    <p class='ocr_par' dir='ltr' id='par_1_3' title="bbox 309 736 1212 819">
     <span class='ocr_line' id='line_1_4' title="bbox 309 736 1212 819; baseline 0.01 -30"><span class='ocrx_word' id='word_1_20' title='bbox 309 736 389 804; x_wconf 83' lang='grc' dir='ltr'>γνῶθι</span> <span class='ocrx_word' id='word_1_21' title='bbox 401 741 446 792; x_wconf 83' lang='grc' dir='ltr'>νῦν</span> <span class='ocrx_word' id='word_1_22' title='bbox 457 740 504 792; x_wconf 89' lang='grc' dir='ltr'>τιῖν</span> <span class='ocrx_word' id='word_1_23' title='bbox 517 736 642 793; x_wconf 74' lang='grc' dir='ltr'>Οἰδιπόδα</span> <span class='ocrx_word' id='word_1_24' title='bbox 654 741 761 810; x_wconf 82' lang='grc' dir='ltr'>σοφίαν·</span> <span class='ocrx_word' id='word_1_25' title='bbox 778 741 800 794; x_wconf 82' lang='grc' dir='ltr'>εἶ</span> <span class='ocrx_word' id='word_1_26' title='bbox 817 742 868 812; x_wconf 83' lang='grc' dir='ltr'>γάρ</span> <span class='ocrx_word' id='word_1_27' title='bbox 884 764 925 799; x_wconf 86' lang='grc' dir='ltr'>τις</span> <span class='ocrx_word' id='word_1_28' title='bbox 941 741 1016 809; x_wconf 74' lang='grc' dir='ltr'>ὄζους</span> <span class='ocrx_word' id='word_1_29' title='bbox 1033 743 1153 819; x_wconf 75' lang='grc' dir='ltr'>όξυτόμηι</span> <span class='ocrx_word' id='word_1_30' title='bbox 1169 767 1212 800; x_wconf 89' lang='grc' dir='ltr'>πε·</span> 
     </span>
    </p>
   </div>
   <div class='ocr_carea' id='block_1_4' title="bbox 345 821 416 875">
    <p class='ocr_par' dir='ltr' id='par_1_4' title="bbox 345 821 416 875">
     <span class='ocr_line' id='line_1_5' title="bbox 345 821 416 875; baseline 0.014 -1"><span class='ocrx_word' id='word_1_31' title='bbox 345 821 416 875; x_wconf 85' lang='grc' dir='ltr'>λέκει</span> 
     </span>
    </p>
   </div>
   <div class='ocr_carea' id='block_1_5' title="bbox 307 905 1126 1408">
    <p class='ocr_par' dir='ltr' id='par_1_5' title="bbox 309 905 1126 1066">
     <span class='ocr_line' id='line_1_6' title="bbox 310 905 1126 982; baseline 0.015 -24"><span class='ocrx_word' id='word_1_32' title='bbox 310 905 444 978; x_wconf 75' lang='grc' dir='ltr'>ἐξερείφαι</span> <span class='ocrx_word' id='word_1_33' title='bbox 456 930 499 963; x_wconf 90' lang='grc' dir='ltr'>κεν</span> <span class='ocrx_word' id='word_1_34' title='bbox 509 911 623 981; x_wconf 76' lang='grc' dir='ltr'>μεγάλας</span> <span class='ocrx_word' id='word_1_35' title='bbox 635 912 721 981; x_wconf 83' lang='grc' dir='ltr'>δρυὸς,</span> <span class='ocrx_word' id='word_1_36' title='bbox 733 911 853 982; x_wconf 74' lang='grc' dir='ltr'>αἰσχύνοι</span> <span class='ocrx_word' id='word_1_37' title='bbox 865 912 893 965; x_wconf 82' lang='grc' dir='ltr'>δέ</span> <span class='ocrx_word' id='word_1_38' title='bbox 905 913 930 964; x_wconf 83' lang='lat' dir='ltr'>oi</span> <span class='ocrx_word' id='word_1_39' title='bbox 942 911 1038 981; x_wconf 78' lang='grc' dir='ltr'>θαητὸν</span> <span class='ocrx_word' id='word_1_40' title='bbox 1049 911 1126 978; x_wconf 77' lang='grc' dir='ltr'>εἶδος,</span> 
     </span>
     <span class='ocr_line' id='line_1_7' title="bbox 309 991 969 1066; baseline 0.015 -24"><span class='ocrx_word' id='word_1_41' title='bbox 309 991 350 1044; x_wconf 76' lang='grc' dir='ltr'>καὶ</span> <span class='ocrx_word' id='word_1_42' title='bbox 362 992 538 1064; x_wconf 73' lang='grc' dir='ltr'>φθινόκαρπος</span> <span class='ocrx_word' id='word_1_43' title='bbox 549 994 624 1049; x_wconf 91' lang='grc' dir='ltr'>ἐοῖσα</span> <span class='ocrx_word' id='word_1_44' title='bbox 637 996 704 1049; x_wconf 78' lang='grc' dir='ltr'>διδοῖ</span> <span class='ocrx_word' id='word_1_45' title='bbox 714 996 810 1065; x_wconf 76' lang='grc' dir='ltr'>φᾶφον</span> <span class='ocrx_word' id='word_1_46' title='bbox 821 995 877 1066; x_wconf 82' lang='grc' dir='ltr'>περ’</span> <span class='ocrx_word' id='word_1_47' title='bbox 891 997 969 1052; x_wconf 84' lang='grc' dir='ltr'>αὐτᾶς</span> 
     </span>
    </p>

    <p class='ocr_par' dir='ltr' id='par_1_6' title="bbox 310 1073 873 1150">
     <span class='ocr_line' id='line_1_8' title="bbox 310 1073 873 1150; baseline 0.011 -21"><span class='ocrx_word' id='word_1_48' title='bbox 310 1073 335 1129; x_wconf 87' lang='grc' dir='ltr'>εῖ</span> <span class='ocrx_word' id='word_1_49' title='bbox 343 1099 407 1131; x_wconf 90' lang='grc' dir='ltr'>ποτε</span> <span class='ocrx_word' id='word_1_50' title='bbox 417 1080 547 1148; x_wconf 78' lang='grc' dir='ltr'>χειμέριον</span> <span class='ocrx_word' id='word_1_51' title='bbox 557 1084 609 1150; x_wconf 82' lang='grc' dir='ltr'>πῦρ</span> <span class='ocrx_word' id='word_1_52' title='bbox 622 1080 734 1149; x_wconf 76' lang='grc' dir='ltr'>ἐξίκηται</span> <span class='ocrx_word' id='word_1_53' title='bbox 745 1082 873 1136; x_wconf 85' lang='grc' dir='ltr'>λοίσθιον·</span> 
     </span>
    </p>

    <p class='ocr_par' dir='ltr' id='par_1_7' title="bbox 309 1161 1003 1237">
     <span class='ocr_line' id='line_1_9' title="bbox 309 1161 1003 1237; baseline 0.009 -20"><span class='ocrx_word' id='word_1_54' title='bbox 309 1161 324 1230; x_wconf 74' lang='grc' dir='ltr'>ἢ</span> <span class='ocrx_word' id='word_1_55' title='bbox 337 1163 387 1217; x_wconf 79' lang='grc' dir='ltr'>σὺν</span> <span class='ocrx_word' id='word_1_56' title='bbox 398 1164 487 1234; x_wconf 79' lang='grc' dir='ltr'>ὀρθαῖς</span> <span class='ocrx_word' id='word_1_57' title='bbox 498 1168 630 1220; x_wconf 84' lang='grc' dir='ltr'>κιόνεσσιν</span> <span class='ocrx_word' id='word_1_58' title='bbox 642 1166 846 1222; x_wconf 78' lang='grc' dir='ltr'>δεσποσύναισιν</span> <span class='ocrx_word' id='word_1_59' title='bbox 857 1167 1003 1237; x_wconf 75' lang='grc' dir='ltr'>ἐρειδομένα</span> 
     </span>
    </p>

    <p class='ocr_par' dir='ltr' id='par_1_8' title="bbox 307 1250 950 1324">
     <span class='ocr_line' id='line_1_10' title="bbox 307 1250 950 1324; baseline 0.006 -21"><span class='ocrx_word' id='word_1_60' title='bbox 307 1250 409 1320; x_wconf 85' lang='grc' dir='ltr'>μόχθον</span> <span class='ocrx_word' id='word_1_61' title='bbox 419 1251 510 1307; x_wconf 79' lang='grc' dir='ltr'>ἀλλοις</span> <span class='ocrx_word' id='word_1_62' title='bbox 521 1253 636 1322; x_wconf 80' lang='grc' dir='ltr'>ἀμφέπει</span> <span class='ocrx_word' id='word_1_63' title='bbox 648 1252 775 1308; x_wconf 77' lang='grc' dir='ltr'>δύστανον</span> <span class='ocrx_word' id='word_1_64' title='bbox 786 1253 815 1307; x_wconf 82' lang='grc' dir='ltr'>ἐν</span> <span class='ocrx_word' id='word_1_65' title='bbox 825 1254 950 1324; x_wconf 82' lang='grc' dir='ltr'>τείχεσιν,</span> 
     </span>
    </p>

    <p class='ocr_par' dir='ltr' id='par_1_9' title="bbox 309 1334 637 1408">
     <span class='ocr_line' id='line_1_11' title="bbox 309 1334 637 1408; baseline 0.018 -22"><span class='ocrx_word' id='word_1_66' title='bbox 309 1334 352 1388; x_wconf 87' lang='grc' dir='ltr'>ἐὸν</span> <span class='ocrx_word' id='word_1_67' title='bbox 364 1334 530 1405; x_wconf 77' lang='grc' dir='ltr'>ἐρημώσαισα</span> <span class='ocrx_word' id='word_1_68' title='bbox 541 1344 637 1408; x_wconf 85' lang='grc' dir='ltr'>χῶρον.</span> 
     </span>
    </p>
   </div>
   <div class='ocr_carea' id='block_1_6' title="bbox 163 1488 1213 3981">
    <p class='ocr_par' dir='ltr' id='par_1_10' title="bbox 163 1488 1213 3770">
     <span class='ocr_line' id='line_1_12' title="bbox 166 1488 1213 1588; baseline 0.007 -32"><span class='ocrx_word' id='word_1_69' title='bbox 166 1488 342 1579; x_wconf 83' lang='lat' dir='ltr'>Equidem</span> <span class='ocrx_word' id='word_1_70' title='bbox 368 1490 467 1573; x_wconf 88' lang='lat' dir='ltr'>illud,</span> <span class='ocrx_word' id='word_1_71' title='bbox 487 1491 653 1586; x_wconf 81' lang='grc' dir='ltr'>χειμέριον</span> <span class='ocrx_word' id='word_1_72' title='bbox 669 1498 745 1588; x_wconf 78' lang='grc' dir='ltr'>πῦρ,</span> <span class='ocrx_word' id='word_1_73' title='bbox 763 1493 907 1585; x_wconf 85' lang='lat' dir='ltr'>accipio,</span> <span class='ocrx_word' id='word_1_74' title='bbox 926 1514 997 1561; x_wconf 91' lang='lat' dir='ltr'>non</span> <span class='ocrx_word' id='word_1_75' title='bbox 1020 1500 1062 1561; x_wconf 91' lang='lat' dir='ltr'>ut</span> <span class='ocrx_word' id='word_1_76' title='bbox 1088 1515 1213 1563; x_wconf 87' lang='lat' dir='ltr'>omnes</span> 
     </span>
     <span class='ocr_line' id='line_1_13' title="bbox 165 1605 1213 1699; baseline 0.006 -27"><span class='ocrx_word' id='word_1_77' title='bbox 165 1627 253 1694; x_wconf 91' lang='lat' dir='ltr'>quos</span> <span class='ocrx_word' id='word_1_78' title='bbox 282 1605 429 1698; x_wconf 81' lang='lat' dir='ltr'>legerim</span> <span class='ocrx_word' id='word_1_79' title='bbox 458 1608 602 1697; x_wconf 93' lang='lat' dir='ltr'>quidem</span> <span class='ocrx_word' id='word_1_80' title='bbox 632 1609 854 1699; x_wconf 79' lang='lat' dir='ltr'>interpretes,</span> <span class='ocrx_word' id='word_1_81' title='bbox 884 1608 929 1677; x_wconf 89' lang='lat' dir='ltr'>de</span> <span class='ocrx_word' id='word_1_82' title='bbox 959 1608 1085 1677; x_wconf 89' lang='lat' dir='ltr'>robore</span> <span class='ocrx_word' id='word_1_83' title='bbox 1114 1616 1213 1678; x_wconf 84' lang='lat' dir='ltr'>secto</span> 
     </span>
     <span class='ocr_line' id='line_1_14' title="bbox 165 1721 1213 1815; baseline 0.005 -27"><span class='ocrx_word' id='word_1_84' title='bbox 165 1731 273 1810; x_wconf 89' lang='lat' dir='ltr'>atque</span> <span class='ocrx_word' id='word_1_85' title='bbox 289 1722 327 1790; x_wconf 93' lang='lat' dir='ltr'>in</span> <span class='ocrx_word' id='word_1_86' title='bbox 344 1721 463 1814; x_wconf 85' lang='lat' dir='ltr'>ignem</span> <span class='ocrx_word' id='word_1_87' title='bbox 489 1723 659 1794; x_wconf 90' lang='lat' dir='ltr'>adhibito.</span> <span class='ocrx_word' id='word_1_88' title='bbox 712 1724 755 1792; x_wconf 93' lang='lat' dir='ltr'>Id</span> <span class='ocrx_word' id='word_1_89' title='bbox 774 1746 897 1793; x_wconf 89' lang='lat' dir='ltr'>vereor</span> <span class='ocrx_word' id='word_1_90' title='bbox 912 1745 957 1792; x_wconf 92' lang='lat' dir='ltr'>ne</span> <span class='ocrx_word' id='word_1_91' title='bbox 975 1722 1021 1792; x_wconf 88' lang='lat' dir='ltr'>sit</span> <span class='ocrx_word' id='word_1_92' title='bbox 1039 1721 1097 1792; x_wconf 88' lang='lat' dir='ltr'>hio</span> <span class='ocrx_word' id='word_1_93' title='bbox 1114 1723 1213 1815; x_wconf 90' lang='lat' dir='ltr'>inep-</span> 
     </span>
     <span class='ocr_line' id='line_1_15' title="bbox 165 1835 1211 1931; baseline 0.003 -26"><span class='ocrx_word' id='word_1_94' title='bbox 165 1836 256 1906; x_wconf 89' lang='lat' dir='ltr'>tius:</span> <span class='ocrx_word' id='word_1_95' title='bbox 284 1835 391 1928; x_wconf 86' lang='lat' dir='ltr'>(quod</span> <span class='ocrx_word' id='word_1_96' title='bbox 418 1839 512 1907; x_wconf 89' lang='lat' dir='ltr'>bona</span> <span class='ocrx_word' id='word_1_97' title='bbox 537 1861 624 1930; x_wconf 88' lang='lat' dir='ltr'>pace</span> <span class='ocrx_word' id='word_1_98' title='bbox 649 1839 834 1908; x_wconf 78' lang='lat' dir='ltr'>doctorum</span> <span class='ocrx_word' id='word_1_99' title='bbox 857 1838 1010 1906; x_wconf 90' lang='lat' dir='ltr'>virorum</span> <span class='ocrx_word' id='word_1_100' title='bbox 1033 1838 1211 1931; x_wconf 80' lang='lat' dir='ltr'>dixerim.)</span> 
     </span>
     <span class='ocr_line' id='line_1_16' title="bbox 166 1948 1212 2047; baseline 0 -25"><span class='ocrx_word' id='word_1_101' title='bbox 166 1948 306 2022; x_wconf 89' lang='lat' dir='ltr'>Verum</span> <span class='ocrx_word' id='word_1_102' title='bbox 336 1954 386 2023; x_wconf 86' lang='lat' dir='ltr'>sie</span> <span class='ocrx_word' id='word_1_103' title='bbox 416 1954 614 2047; x_wconf 87' lang='lat' dir='ltr'>intelligere</span> <span class='ocrx_word' id='word_1_104' title='bbox 644 1953 762 2024; x_wconf 88' lang='lat' dir='ltr'>soleo:</span> <span class='ocrx_word' id='word_1_105' title='bbox 796 1953 954 2044; x_wconf 84' lang='lat' dir='ltr'>stipitem</span> <span class='ocrx_word' id='word_1_106' title='bbox 982 1951 1039 2022; x_wconf 87' lang='lat' dir='ltr'>vel</span> <span class='ocrx_word' id='word_1_107' title='bbox 1070 1953 1212 2022; x_wconf 77' lang='lat' dir='ltr'>nudate</span> 
     </span>
     <span class='ocr_line' id='line_1_17' title="bbox 165 2068 1211 2162; baseline 0.001 -27"><span class='ocrx_word' id='word_1_108' title='bbox 165 2089 324 2156; x_wconf 85' lang='lat' dir='ltr'>quereus,</span> <span class='ocrx_word' id='word_1_109' title='bbox 343 2069 405 2138; x_wconf 93' lang='lat' dir='ltr'>ubi</span> <span class='ocrx_word' id='word_1_110' title='bbox 423 2069 467 2138; x_wconf 94' lang='lat' dir='ltr'>de</span> <span class='ocrx_word' id='word_1_111' title='bbox 484 2069 574 2140; x_wconf 87' lang='lat' dir='ltr'>oaelo</span> <span class='ocrx_word' id='word_1_112' title='bbox 594 2077 769 2162; x_wconf 85' lang='lat' dir='ltr'>tangatur,</span> <span class='ocrx_word' id='word_1_113' title='bbox 789 2070 871 2138; x_wconf 88' lang='lat' dir='ltr'>dare</span> <span class='ocrx_word' id='word_1_114' title='bbox 888 2076 1009 2138; x_wconf 88' lang='lat' dir='ltr'>tamen</span> <span class='ocrx_word' id='word_1_115' title='bbox 1032 2068 1211 2159; x_wconf 81' lang='lat' dir='ltr'>specimen</span> 
     </span>
     <span class='ocr_line' id='line_1_18' title="bbox 165 2181 1211 2276; baseline 0 -27"><span class='ocrx_word' id='word_1_116' title='bbox 165 2183 217 2250; x_wconf 89' lang='lat' dir='ltr'>sui</span> <span class='ocrx_word' id='word_1_117' title='bbox 244 2183 391 2252; x_wconf 92' lang='lat' dir='ltr'>minime</span> <span class='ocrx_word' id='word_1_118' title='bbox 419 2185 577 2266; x_wconf 91' lang='lat' dir='ltr'>dubium,</span> <span class='ocrx_word' id='word_1_119' title='bbox 605 2185 685 2255; x_wconf 88' lang='lat' dir='ltr'>fisso</span> <span class='ocrx_word' id='word_1_120' title='bbox 716 2186 858 2265; x_wconf 85' lang='lat' dir='ltr'>oortioe,</span> <span class='ocrx_word' id='word_1_121' title='bbox 885 2182 1068 2276; x_wconf 84' lang='lat' dir='ltr'>lignisque,</span> <span class='ocrx_word' id='word_1_122' title='bbox 1093 2189 1135 2251; x_wconf 90' lang='lat' dir='ltr'>ut</span> <span class='ocrx_word' id='word_1_123' title='bbox 1159 2181 1211 2264; x_wconf 89' lang='lat' dir='ltr'>fit,</span> 
     </span>
     <span class='ocr_line' id='line_1_19' title="bbox 166 2297 1210 2386; baseline -0.002 -20"><span class='ocrx_word' id='word_1_124' title='bbox 166 2298 308 2367; x_wconf 83' lang='lat' dir='ltr'>cavatis.</span> <span class='ocrx_word' id='word_1_125' title='bbox 361 2298 425 2368; x_wconf 82' lang='lat' dir='ltr'>Sin</span> <span class='ocrx_word' id='word_1_126' title='bbox 451 2301 495 2369; x_wconf 92' lang='lat' dir='ltr'>de</span> <span class='ocrx_word' id='word_1_127' title='bbox 523 2300 601 2369; x_wconf 89' lang='lat' dir='ltr'>looo</span> <span class='ocrx_word' id='word_1_128' title='bbox 624 2299 825 2369; x_wconf 84' lang='lat' dir='ltr'>movebitur</span> <span class='ocrx_word' id='word_1_129' title='bbox 855 2299 989 2378; x_wconf 88' lang='lat' dir='ltr'>eadem,</span> <span class='ocrx_word' id='word_1_130' title='bbox 1015 2298 1148 2386; x_wconf 89' lang='lat' dir='ltr'>fietque</span> <span class='ocrx_word' id='word_1_131' title='bbox 1173 2297 1210 2364; x_wconf 92' lang='lat' dir='ltr'>in</span> 
     </span>
     <span class='ocr_line' id='line_1_20' title="bbox 165 2412 1210 2506; baseline -0.001 -27"><span class='ocrx_word' id='word_1_132' title='bbox 165 2412 298 2481; x_wconf 86' lang='lat' dir='ltr'>aedibus</span> <span class='ocrx_word' id='word_1_133' title='bbox 315 2412 462 2506; x_wconf 83' lang='lat' dir='ltr'>alicujus</span> <span class='ocrx_word' id='word_1_134' title='bbox 486 2437 547 2484; x_wconf 88' lang='lat' dir='ltr'>seu</span> <span class='ocrx_word' id='word_1_135' title='bbox 571 2414 667 2483; x_wconf 84' lang='lat' dir='ltr'>trabs</span> <span class='ocrx_word' id='word_1_136' title='bbox 685 2415 758 2483; x_wconf 89' lang='lat' dir='ltr'>sive</span> <span class='ocrx_word' id='word_1_137' title='bbox 776 2412 950 2495; x_wconf 88' lang='lat' dir='ltr'>columna,</span> <span class='ocrx_word' id='word_1_138' title='bbox 969 2434 1071 2480; x_wconf 90' lang='lat' dir='ltr'>suum</span> <span class='ocrx_word' id='word_1_139' title='bbox 1089 2419 1210 2480; x_wconf 86' lang='lat' dir='ltr'>tamen</span> 
     </span>
     <span class='ocr_line' id='line_1_21' title="bbox 164 2525 1210 2620; baseline 0.001 -27"><span class='ocrx_word' id='word_1_140' title='bbox 164 2525 252 2594; x_wconf 90' lang='lat' dir='ltr'>illud</span> <span class='ocrx_word' id='word_1_141' title='bbox 279 2528 442 2613; x_wconf 84' lang='lat' dir='ltr'>servabit,</span> <span class='ocrx_word' id='word_1_142' title='bbox 460 2536 501 2597; x_wconf 93' lang='lat' dir='ltr'>ut</span> <span class='ocrx_word' id='word_1_143' title='bbox 526 2552 596 2620; x_wconf 87' lang='lat' dir='ltr'>prae</span> <span class='ocrx_word' id='word_1_144' title='bbox 617 2537 743 2597; x_wconf 86' lang='lat' dir='ltr'>caetera</span> <span class='ocrx_word' id='word_1_145' title='bbox 764 2529 860 2596; x_wconf 90' lang='lat' dir='ltr'>omni</span> <span class='ocrx_word' id='word_1_146' title='bbox 884 2526 1031 2595; x_wconf 90' lang='lat' dir='ltr'>materie</span> <span class='ocrx_word' id='word_1_147' title='bbox 1053 2526 1156 2594; x_wconf 89' lang='lat' dir='ltr'>firma</span> <span class='ocrx_word' id='word_1_148' title='bbox 1172 2532 1210 2594; x_wconf 90' lang='lat' dir='ltr'>et</span> 
     </span>
     <span class='ocr_line' id='line_1_22' title="bbox 164 2638 1211 2730; baseline -0.003 -20"><span class='ocrx_word' id='word_1_149' title='bbox 164 2643 236 2711; x_wconf 89' lang='lat' dir='ltr'>fixa</span> <span class='ocrx_word' id='word_1_150' title='bbox 252 2653 394 2713; x_wconf 91' lang='lat' dir='ltr'>maneat</span> <span class='ocrx_word' id='word_1_151' title='bbox 411 2646 448 2712; x_wconf 93' lang='lat' dir='ltr'>in</span> <span class='ocrx_word' id='word_1_152' title='bbox 466 2652 561 2714; x_wconf 88' lang='lat' dir='ltr'>statu</span> <span class='ocrx_word' id='word_1_153' title='bbox 579 2666 653 2713; x_wconf 89' lang='lat' dir='ltr'>suo.</span> <span class='ocrx_word' id='word_1_154' title='bbox 705 2643 811 2725; x_wconf 83' lang='lat' dir='ltr'>Quod</span> <span class='ocrx_word' id='word_1_155' title='bbox 834 2650 955 2711; x_wconf 88' lang='lat' dir='ltr'>autem</span> <span class='ocrx_word' id='word_1_156' title='bbox 974 2638 1133 2709; x_wconf 78' lang='grc' dir='ltr'>δύστανον</span> <span class='ocrx_word' id='word_1_157' title='bbox 1150 2661 1211 2730; x_wconf 84' lang='lat' dir='ltr'>ap·</span> 
     </span>
     <span class='ocr_line' id='line_1_23' title="bbox 164 2755 1209 2852; baseline -0.003 -27"><span class='ocrx_word' id='word_1_158' title='bbox 164 2757 274 2848; x_wconf 91' lang='lat' dir='ltr'>pellat</span> <span class='ocrx_word' id='word_1_159' title='bbox 292 2757 422 2852; x_wconf 87' lang='grc' dir='ltr'>μόχθον</span> <span class='ocrx_word' id='word_1_160' title='bbox 435 2758 491 2827; x_wconf 89' lang='lat' dir='ltr'>vel</span> <span class='ocrx_word' id='word_1_161' title='bbox 509 2760 638 2828; x_wconf 87' lang='lat' dir='ltr'>arentis</span> <span class='ocrx_word' id='word_1_162' title='bbox 655 2759 741 2850; x_wconf 89' lang='lat' dir='ltr'>ligni</span> <span class='ocrx_word' id='word_1_163' title='bbox 760 2759 795 2826; x_wconf 93' lang='lat' dir='ltr'>in</span> <span class='ocrx_word' id='word_1_164' title='bbox 813 2756 888 2825; x_wconf 89' lang='lat' dir='ltr'>solo</span> <span class='ocrx_word' id='word_1_165' title='bbox 901 2755 1016 2825; x_wconf 89' lang='lat' dir='ltr'>alieno</span> <span class='ocrx_word' id='word_1_166' title='bbox 1033 2762 1209 2835; x_wconf 84' lang='lat' dir='ltr'>navatam,</span> 
     </span>
     <span class='ocr_line' id='line_1_24' title="bbox 164 2870 1211 2966; baseline 0 -26"><span class='ocrx_word' id='word_1_167' title='bbox 164 2873 292 2942; x_wconf 88' lang='lat' dir='ltr'>videtis</span> <span class='ocrx_word' id='word_1_168' title='bbox 315 2875 359 2943; x_wconf 92' lang='lat' dir='ltr'>ab</span> <span class='ocrx_word' id='word_1_169' title='bbox 377 2897 420 2942; x_wconf 89' lang='lat' dir='ltr'>eo</span> <span class='ocrx_word' id='word_1_170' title='bbox 437 2875 573 2966; x_wconf 88' lang='lat' dir='ltr'>praeripi</span> <span class='ocrx_word' id='word_1_171' title='bbox 592 2874 851 2965; x_wconf 90' lang='lat' dir='ltr'>quodammodo</span> <span class='ocrx_word' id='word_1_172' title='bbox 878 2870 1118 2941; x_wconf 84' lang='lat' dir='ltr'>similitudinis</span> <span class='ocrx_word' id='word_1_173' title='bbox 1135 2870 1211 2961; x_wconf 84' lang='lat' dir='ltr'>ejus</span> 
     </span>
     <span class='ocr_line' id='line_1_25' title="bbox 164 2983 1210 3078; baseline -0.002 -23"><span class='ocrx_word' id='word_1_174' title='bbox 164 3011 271 3078; x_wconf 87' lang='lat' dir='ltr'>quam</span> <span class='ocrx_word' id='word_1_175' title='bbox 292 2997 421 3058; x_wconf 87' lang='lat' dir='ltr'>vooant</span> <span class='ocrx_word' id='word_1_176' title='bbox 441 2988 612 3058; x_wconf 79' lang='grc' dir='ltr'>ἀπόδοσιν.</span> <span class='ocrx_word' id='word_1_177' title='bbox 665 2987 762 3057; x_wconf 92' lang='lat' dir='ltr'>Nam</span> <span class='ocrx_word' id='word_1_178' title='bbox 785 3009 868 3055; x_wconf 81' lang='lat' dir='ltr'>vere</span> <span class='ocrx_word' id='word_1_179' title='bbox 894 2986 1000 3055; x_wconf 90' lang='lat' dir='ltr'>miser</span> <span class='ocrx_word' id='word_1_180' title='bbox 1025 2992 1101 3054; x_wconf 86' lang='lat' dir='ltr'>erat</span> <span class='ocrx_word' id='word_1_181' title='bbox 1126 2983 1210 3053; x_wconf 85' lang='lat' dir='ltr'>exul</span> 
     </span>
     <span class='ocr_line' id='line_1_26' title="bbox 163 3100 1209 3194; baseline -0.003 -22"><span class='ocrx_word' id='word_1_182' title='bbox 163 3102 409 3194; x_wconf 88' lang='lat' dir='ltr'>Damophilus,</span> <span class='ocrx_word' id='word_1_183' title='bbox 434 3127 506 3172; x_wconf 89' lang='lat' dir='ltr'>non</span> <span class='ocrx_word' id='word_1_184' title='bbox 531 3104 634 3173; x_wconf 88' lang='lat' dir='ltr'>arbor</span> <span class='ocrx_word' id='word_1_185' title='bbox 659 3105 736 3172; x_wconf 91' lang='lat' dir='ltr'>ista.</span> <span class='ocrx_word' id='word_1_186' title='bbox 789 3100 1035 3192; x_wconf 89' lang='lat' dir='ltr'>Damophilus,</span> <span class='ocrx_word' id='word_1_187' title='bbox 1052 3100 1209 3190; x_wconf 82' lang='lat' dir='ltr'>inquam,</span> 
     </span>
     <span class='ocr_line' id='line_1_27' title="bbox 164 3213 1210 3308; baseline -0.001 -23"><span class='ocrx_word' id='word_1_188' title='bbox 164 3240 270 3308; x_wconf 92' lang='lat' dir='ltr'>quem</span> <span class='ocrx_word' id='word_1_189' title='bbox 285 3219 457 3287; x_wconf 83' lang='lat' dir='ltr'>Pindarus</span> <span class='ocrx_word' id='word_1_190' title='bbox 473 3219 528 3286; x_wconf 89' lang='lat' dir='ltr'>his</span> <span class='ocrx_word' id='word_1_191' title='bbox 543 3218 682 3287; x_wconf 88' lang='lat' dir='ltr'>oooulte</span> <span class='ocrx_word' id='word_1_192' title='bbox 695 3217 817 3287; x_wconf 89' lang='lat' dir='ltr'>laudat</span> <span class='ocrx_word' id='word_1_193' title='bbox 832 3239 873 3285; x_wconf 86' lang='lat' dir='ltr'>ao</span> <span class='ocrx_word' id='word_1_194' title='bbox 887 3217 995 3285; x_wconf 90' lang='lat' dir='ltr'>tradit</span> <span class='ocrx_word' id='word_1_195' title='bbox 1009 3213 1210 3297; x_wconf 66' lang='lat' dir='ltr'>Arcesilam</span> 
     </span>
     <span class='ocr_line' id='line_1_28' title="bbox 163 3330 1212 3423; baseline 0 -23"><span class='ocrx_word' id='word_1_196' title='bbox 163 3331 331 3401; x_wconf 83' lang='lat' dir='ltr'>videlieet</span> <span class='ocrx_word' id='word_1_197' title='bbox 348 3343 527 3402; x_wconf 72' lang='lat' dir='ltr'>exton‘em</span> <span class='ocrx_word' id='word_1_198' title='bbox 546 3342 632 3401; x_wconf 90' lang='lat' dir='ltr'>tuno</span> <span class='ocrx_word' id='word_1_199' title='bbox 649 3333 818 3423; x_wconf 88' lang='lat' dir='ltr'>temporis</span> <span class='ocrx_word' id='word_1_200' title='bbox 839 3331 947 3421; x_wconf 89' lang='lat' dir='ltr'>ipsius</span> <span class='ocrx_word' id='word_1_201' title='bbox 965 3330 1095 3400; x_wconf 84' lang='lat' dir='ltr'>edicto.</span> <span class='ocrx_word' id='word_1_202' title='bbox 1148 3330 1212 3400; x_wconf 82' lang='lat' dir='ltr'>Se-</span> 
     </span>
     <span class='ocr_line' id='line_1_29' title="bbox 163 3445 1211 3540; baseline -0.001 -24"><span class='ocrx_word' id='word_1_203' title='bbox 163 3455 321 3536; x_wconf 92' lang='lat' dir='ltr'>quuntur</span> <span class='ocrx_word' id='word_1_204' title='bbox 342 3449 478 3517; x_wconf 89' lang='lat' dir='ltr'>monita</span> <span class='ocrx_word' id='word_1_205' title='bbox 500 3447 713 3540; x_wconf 86' lang='lat' dir='ltr'>gravissima,</span> <span class='ocrx_word' id='word_1_206' title='bbox 732 3447 841 3515; x_wconf 91' lang='lat' dir='ltr'>immo</span> <span class='ocrx_word' id='word_1_207' title='bbox 859 3445 986 3535; x_wconf 86' lang='lat' dir='ltr'>quibus</span> <span class='ocrx_word' id='word_1_208' title='bbox 1006 3447 1211 3522; x_wconf 80' lang='lat' dir='ltr'>continetur</span> 
     </span>
     <span class='ocr_line' id='line_1_30' title="bbox 164 3562 1211 3653; baseline -0.002 -21"><span class='ocrx_word' id='word_1_209' title='bbox 164 3584 302 3632; x_wconf 86' lang='lat' dir='ltr'>summa</span> <span class='ocrx_word' id='word_1_210' title='bbox 331 3564 442 3633; x_wconf 85' lang='lat' dir='ltr'>ferme</span> <span class='ocrx_word' id='word_1_211' title='bbox 472 3565 582 3632; x_wconf 91' lang='lat' dir='ltr'>totius</span> <span class='ocrx_word' id='word_1_212' title='bbox 611 3564 754 3633; x_wconf 90' lang='lat' dir='ltr'>rationis</span> <span class='ocrx_word' id='word_1_213' title='bbox 784 3584 916 3642; x_wconf 91' lang='lat' dir='ltr'>eorum,</span> <span class='ocrx_word' id='word_1_214' title='bbox 945 3562 1005 3653; x_wconf 92' lang='lat' dir='ltr'>qui</span> <span class='ocrx_word' id='word_1_215' title='bbox 1038 3571 1211 3633; x_wconf 80' lang='lat' dir='ltr'>vocantur</span> 
     </span>
     <span class='ocr_line' id='line_1_31' title="bbox 164 3678 364 3770; baseline 0.01 -24"><span class='ocrx_word' id='word_1_216' title='bbox 164 3678 364 3770; x_wconf 87' lang='lat' dir='ltr'>optimates.</span> 
     </span>
    </p>

    <p class='ocr_par' dir='ltr' id='par_1_11' title="bbox 268 3820 1210 3895">
     <span class='ocr_line' id='line_1_32' title="bbox 268 3820 1210 3895; baseline -0.001 -18"><span class='ocrx_word' id='word_1_217' title='bbox 268 3825 319 3895; x_wconf 78' lang='grc' dir='ltr'>χρὴ</span> <span class='ocrx_word' id='word_1_218' title='bbox 333 3826 449 3894; x_wconf 86' lang='grc' dir='ltr'>μαλάκαν</span> <span class='ocrx_word' id='word_1_219' title='bbox 462 3823 528 3894; x_wconf 90' lang='grc' dir='ltr'>χέρα</span> <span class='ocrx_word' id='word_1_220' title='bbox 538 3823 745 3893; x_wconf 81' lang='grc' dir='ltr'>προσβάλλοντα</span> <span class='ocrx_word' id='word_1_221' title='bbox 756 3824 860 3893; x_wconf 77' lang='grc' dir='ltr'>τρώμαν</span> <span class='ocrx_word' id='word_1_222' title='bbox 871 3821 965 3878; x_wconf 82' lang='grc' dir='ltr'>ἕλκεος</span> <span class='ocrx_word' id='word_1_223' title='bbox 976 3821 1145 3892; x_wconf 74' lang='grc' dir='ltr'>ἀμφιπολεῖν·</span> <span class='ocrx_word' id='word_1_224' title='bbox 1164 3820 1210 3891; x_wconf 80' lang='grc' dir='ltr'>ῥό-</span> 
     </span>
    </p>

    <p class='ocr_par' dir='ltr' id='par_1_12' title="bbox 304 3907 929 3981">
     <span class='ocr_line' id='line_1_33' title="bbox 304 3907 929 3981; baseline -0.002 -17"><span class='ocrx_word' id='word_1_225' title='bbox 304 3911 359 3964; x_wconf 78' lang='grc' dir='ltr'>όιον</span> <span class='ocrx_word' id='word_1_226' title='bbox 370 3910 416 3979; x_wconf 88' lang='grc' dir='ltr'>μέν</span> <span class='ocrx_word' id='word_1_227' title='bbox 427 3910 477 3981; x_wconf 82' lang='grc' dir='ltr'>γὰρ</span> <span class='ocrx_word' id='word_1_228' title='bbox 489 3912 567 3963; x_wconf 90' lang='grc' dir='ltr'>πόλιν</span> <span class='ocrx_word' id='word_1_229' title='bbox 579 3911 668 3963; x_wconf 86' lang='grc' dir='ltr'>σεῖσαι</span> <span class='ocrx_word' id='word_1_230' title='bbox 679 3909 720 3961; x_wconf 85' lang='grc' dir='ltr'>καὶ</span> <span class='ocrx_word' id='word_1_231' title='bbox 732 3907 929 3978; x_wconf 78' lang='grc' dir='ltr'>ἀφαυροτέροις,</span> 
     </span>
    </p>
   </div>
   <div class='ocr_carea' id='block_1_7' title="bbox 269 3991 1111 4152">
    <p class='ocr_par' dir='ltr' id='par_1_13' title="bbox 269 3991 1111 4152">
     <span class='ocr_line' id='line_1_34' title="bbox 269 3991 1111 4066; baseline -0.001 -17"><span class='ocrx_word' id='word_1_232' title='bbox 269 3995 328 4049; x_wconf 84' lang='grc' dir='ltr'>ἀλλ’</span> <span class='ocrx_word' id='word_1_233' title='bbox 342 3996 383 4050; x_wconf 81' lang='grc' dir='ltr'>ἐπὶ</span> <span class='ocrx_word' id='word_1_234' title='bbox 395 3998 482 4066; x_wconf 82' lang='grc' dir='ltr'>χώρας</span> <span class='ocrx_word' id='word_1_235' title='bbox 493 3994 565 4051; x_wconf 79' lang='grc' dir='ltr'>αὖθις</span> <span class='ocrx_word' id='word_1_236' title='bbox 576 3993 655 4048; x_wconf 87' lang='grc' dir='ltr'>ἐσσαι</span> <span class='ocrx_word' id='word_1_237' title='bbox 668 3993 799 4047; x_wconf 82' lang='grc' dir='ltr'>δυσπαλὲς</span> <span class='ocrx_word' id='word_1_238' title='bbox 811 3993 842 4061; x_wconf 78' lang='grc' dir='ltr'>δὴ</span> <span class='ocrx_word' id='word_1_239' title='bbox 853 3992 976 4064; x_wconf 85' lang='grc' dir='ltr'>γίγνεται,</span> <span class='ocrx_word' id='word_1_240' title='bbox 989 3991 1111 4061; x_wconf 81' lang='grc' dir='ltr'>ἐξαπίνας</span> 
     </span>
     <span class='ocr_line' id='line_1_35' title="bbox 269 4078 872 4152; baseline -0.003 -19"><span class='ocrx_word' id='word_1_241' title='bbox 269 4081 291 4134; x_wconf 83' lang='grc' dir='ltr'>εί</span> <span class='ocrx_word' id='word_1_242' title='bbox 303 4081 337 4151; x_wconf 81' lang='grc' dir='ltr'>μὴ</span> <span class='ocrx_word' id='word_1_243' title='bbox 351 4082 409 4137; x_wconf 85' lang='grc' dir='ltr'>θεὸς</span> <span class='ocrx_word' id='word_1_244' title='bbox 420 4081 579 4152; x_wconf 79' lang='grc' dir='ltr'>ἁγεμόνεσσι</span> <span class='ocrx_word' id='word_1_245' title='bbox 592 4079 748 4149; x_wconf 74' lang='grc' dir='ltr'>κυβερνατὴρ</span> <span class='ocrx_word' id='word_1_246' title='bbox 760 4078 872 4149; x_wconf 80' lang='grc' dir='ltr'>γένηται.</span> 
     </span>
    </p>
   </div>
   <div class='ocr_carea' id='block_1_8' title="bbox 575 4279 795 4349">
    <p class='ocr_par' dir='ltr' id='par_1_14' title="bbox 575 4279 795 4349">
     <span class='ocr_line' id='line_1_36' title="bbox 575 4279 795 4349; baseline 0.005 -17"><span class='ocrx_word' id='word_1_247' title='bbox 575 4280 680 4349; x_wconf 57' lang='grc' dir='ltr'>ι(Ρηίίι.</span> <span class='ocrx_word' id='word_1_248' title='bbox 695 4299 720 4345; x_wconf 90' lang='lat'>4.</span> <span class='ocrx_word' id='word_1_249' title='bbox 734 4279 795 4349; x_wconf 84' lang='lat'><strong>467.</strong></span> 
     </span>
    </p>
   </div>
   <div class='ocr_carea' id='block_1_9' title="bbox 0 0 1388 4876">
    <p class='ocr_par' dir='ltr' id='par_1_15' title="bbox 0 0 1388 4876">
     <span class='ocr_line' id='line_1_37' title="bbox 0 0 1388 4876; baseline 0 1"><span class='ocrx_word' id='word_1_250' title='bbox 0 0 1388 4876; x_wconf 95' lang='lat' dir='ltr'> </span> 
     </span>
    </p>
   </div>
  </div>
 </body>
</html>
