2768 4876
164 320 230 388 6³6
362 323 542 401 Theocritus,
560 322 772 387 Postorobiam
786 323 977 388 Proacraor.
1027 341 1211 385 rannxxxr.

164 502 202 563 et
237 493 434 563 uberiorem
470 492 610 564 dicendi
648 496 834 564 materiem
869 494 1056 595 habebit..
1095 494 1213 563 Nemo

164 609 287 688 nescit,
314 609 358 677 ad
384 607 479 676 illius
506 609 636 700 scripta
661 607 760 678 velut
790 609 834 677 ad
861 609 998 678 fontem
1028 609 1214 678 accessisse

166 722 371 816 Virgilium,
388 743 469 792 cum
488 723 640 814 primum
658 723 814 792 carmina
830 723 974 791 diceret.

340 863 431 917 Prima
443 861 581 933 Syracosio
595 861 703 932 dignata
714 871 754 916 est
766 863 858 916 ludere
870 880 950 917 versu

340 949 449 1012 Nostra,
463 965 511 1002 nec
523 948 630 1002 erubuit
643 949 730 1019 sylvas
743 948 870 1012 habitare,
882 949 985 1003 Thalia.

166 1069 252 1140 Sine
269 1071 351 1140 fuco
369 1079 406 1140 et
424 1071 570 1141 fallaciis
584 1070 773 1140 Theocrito
787 1070 901 1139 defert
919 1070 1124 1140 inveniendi
1142 1069 1215 1161 pal·

163 1207 271 1268 marn,
297 1208 336 1256 se
362 1186 578 1255 imitatorem
603 1186 711 1255 modo
735 1185 933 1276 profitetur.
986 1184 1094 1268 Quod
1120 1185 1215 1254 idem

163 1309 265 1370 sonat
295 1300 388 1391 apud
420 1323 502 1370 eum
538 1301 673 1370 mentio
698 1301 807 1369 toties
837 1300 989 1391 repetita
1019 1298 1151 1369 Siciliae
1177 1309 1214 1369 et

164 1413 364 1484 Sicularum
395 1413 592 1484 Musarum.
645 1413 762 1484 Immo
790 1413 960 1484 Bucolica
989 1415 1078 1505 ejus,
1104 1414 1215 1484 maxi·

164 1548 260 1598 mam
277 1536 427 1620 partem,
441 1531 486 1597 de
500 1527 636 1619 Idylliis
653 1529 790 1598 desumi
804 1528 984 1611 videmus3
1010 1550 1129 1618 neque
1146 1528 1214 1597 sin·

162 1643 248 1735 gula
274 1651 413 1712 tanturn
442 1642 581 1712 dicendi
603 1651 821 1723 ornamenta,
842 1650 880 1712 ct
900 1641 1035 1711 lumine
1061 1642 1122 1711 bio
1143 1641 1213 1711 illio

164 1757 331 1850 inspersa,
348 1780 471 1828 verum
494 1757 602 1826 etiam
629 1759 827 1828 universam
853 1757 1049 1826 carminum
1068 1757 1214 1849 junctu·

164 1894 240 1941 ram
258 1881 366 1962 atque
385 1872 556 1941 ordinem.

217 1986 348 2077 Neque
372 2008 454 2055 vero
480 1986 575 2056 solus
596 1984 825 2056 Theocritum
850 1985 1012 2054 imitatur
1032 1983 1214 2078 Virgilius,

70 2093 76 2099 ’
165 2121 289 2170 verum
314 2109 357 2169 ut
382 2099 583 2169 Homerum
611 2099 722 2191 Epici‚
749 2100 799 2169 sic
824 2100 885 2190 qui
910 2098 1110 2191 pastoralia,
1134 2124 1214 2192 qnae

166 2222 347 2296 vocantur,
366 2214 565 2283 scribebant
584 2215 747 2296 carmina,
767 2212 932 2283 videntur
947 2213 992 2282 ad
1010 2237 1123 2283 unum
1141 2238 1217 2284 om-

165 2349 229 2397 nes
251 2327 347 2397 hunc
372 2328 439 2397 sibi
465 2329 685 2419 proposuisse
702 2326 893 2419 exemplar.
946 2327 1003 2397 Ex
1021 2352 1093 2419 quo
1111 2329 1216 2398 intel·

166 2440 227 2534 ligi
245 2443 361 2522 debet,
380 2441 543 2511 incidisse
566 2440 668 2510 illum
685 2441 854 2512 divinitus
871 2443 908 2510 in
926 2465 1004 2511 eam
1023 2444 1124 2533 quasi
1148 2443 1217 2513 for·

166 2554 310 2636 mulam,
334 2579 411 2646 quae
438 2557 572 2646 optime
598 2556 802 2625 colonorum
828 2578 954 2638 mores,
980 2557 1109 2639 studia,
1137 2557 1217 2626 reli·

165 2670 298 2762 giones‚
317 2672 427 2738 immo
445 2681 482 2739 et
500 2671 645 2740 facetias
662 2694 801 2761 quoque
819 2679 937 2762 posset
955 2673 1166 2762 exprimere.

217 2785 306 2866 Quae
325 2807 405 2854 cum
429 2786 480 2854 ita
500 2786 579 2867 sint,
598 2786 692 2854 haud
718 2787 844 2875 injuria
861 2783 1007 2854 fortasse
1028 2786 1216 2868 miremini,

166 2898 252 2988 qnid
275 2899 330 2981 sit,
348 2899 444 2989 quod
470 2908 570 2968 tanto
594 2901 669 2968 viro
692 2900 862 2969 secundas
887 2901 993 2968 modo
1014 2901 1217 2969 committa-

167 3034 246 3081 mus
272 3021 409 3103 partes3
436 3037 551 3103 neque
571 3037 635 3083 suc
654 3015 747 3103 jure,
765 3015 827 3082 sed
850 3021 991 3090 tantum
1011 3021 1054 3082 ut
1071 3013 1215 3105 Virgilii

167 3127 345 3209 asseclam,
364 3127 469 3196 choro
495 3126 740 3216 primariorum
759 3126 950 3196 Poetarum
968 3134 1136 3217 putemus
1156 3128 1217 3195 ad·

167 3241 402 3310 scribendum.
455 3242 510 3310 Ac
541 3241 655 3310 fateor
684 3239 849 3331 equidem
879 3264 949 3309 non
976 3241 1109 3316 deesse,
1135 3263 1216 3331 quae

167 3356 243 3446 ejus
254 3378 394 3425 causam
407 3377 620 3447 magnopere
634 3355 882 3423 commendare
892 3355 1088 3422 videantur.
1118 3352 1216 3422 Nam

168 3477 206 3537 et
223 3491 266 3538 ea
283 3492 363 3559 quae
389 3469 495 3537 modo
517 3469 681 3549 diximus,
699 3489 863 3559 magnam
885 3466 1019 3535 habent
1042 3466 1217 3558 significa-

168 3585 303 3651 tionem
321 3584 428 3651 animi
446 3585 481 3651 in
500 3605 579 3652 suas
595 3582 738 3651 delicias
756 3583 883 3650 intenti
901 3589 938 3648 et
955 3580 1102 3649 arrecti:
1122 3580 1217 3670 quod

168 3698 283 3788 primo
304 3698 487 3766 excuderit
511 3696 576 3764 sibi
594 3697 769 3785 quandam
787 3693 885 3785 quasi
903 3693 1084 3774 fabricam,
1101 3693 1217 3761 inten-

169 3820 282 3880 tatam
299 3820 392 3891 anto,
407 3810 721 3901 pulcherrimorum
741 3810 954 3877 carminum:
983 3807 1112 3876 deinde
1122 3807 1215 3898 quod

171 3927 327 3996 venturis
340 3926 503 3994 omnibus
520 3925 688 4015 magister
704 3924 762 3991 hio
780 3921 873 3991 solus
890 3922 1051 3990 extiterit
1065 3931 1104 3990 et
1119 3943 1218 3990 mon·

170 4049 299 4110 strator
320 4039 465 4107 itineris.
518 4036 614 4119 Quin
636 4046 673 4106 et
698 4036 844 4104 tertium
866 4034 1009 4124 aliquod
1036 4055 1216 4125 superesse

171 4152 340 4244 intelligo,
358 4153 453 4242 quod
474 4153 541 4220 dici
565 4153 675 4242 possit
692 4151 729 4219 in
747 4151 872 4218 eodem
890 4156 1121 4239 argumento:
1147 4169 1215 4237 quo

170 4269 266 4338 soleo
285 4269 448 4358 equidem
466 4269 577 4360 magis
595 4269 818 4338 commoveri.
869 4265 1033 4334 Invenias
1050 4265 1214 4334 nimirum
