2768 4876
162 318 228 384 536
307 318 487 384 Pindarum
500 320 632 405 AEpinae
645 319 805 384 maritimo
819 319 971 385 didicisse.
1011 341 1108 383 rana
1118 340 1204 398 xxvi,

163 492 272 584 gabit,
292 493 429 562 ratione
454 494 577 563 habita
598 501 654 563 tot
674 495 884 563 eximiorum
909 493 1119 573 carminum,
1137 491 1211 583 qui-

164 607 230 675 bus
261 607 316 675 vel
347 607 496 677 AEacum
533 608 734 690 celebravit,
766 632 846 678 cum
879 607 957 678 Diis
991 607 1209 678 laborantem

164 725 257 794 circa
273 722 385 814 Trojae
403 723 554 806 moeuia3
582 723 638 795 vel
662 722 762 805 filios,
782 732 938 815 nepotes,
955 732 1112 792 ceteram
1138 721 1212 812 ejus

165 839 332 929 stirpeam
358 838 586 914 Telamonem
613 841 658 909 ab
682 838 838 909 Hercule
864 841 901 908 in
926 847 1064 930 partem
1089 836 1213 930 gloriae

167 960 365 1038 evocatum,
400 953 499 1023 Pelei
534 953 767 1024 castissimam
797 955 1037 1045 juventutem,
1072 952 1213 1042 nuptias

167 1066 336 1148 caelestes,
364 1065 516 1137 Achillis
544 1069 745 1159 pueritiam,
769 1067 1000 1160 Neoptolemi
1025 1065 1215 1136 sacratissi-

167 1207 266 1252 mum
293 1183 408 1253 funus.
461 1183 641 1254 Praeterea
662 1185 854 1254 videndum
877 1205 921 1253 an
942 1182 1081 1275 AEginae
1106 1181 1217 1272 potis-

168 1299 307 1378 simum,
325 1298 417 1390 apud
436 1300 568 1368 amicos
585 1322 666 1369 suos
683 1308 721 1368 et
738 1299 903 1391 hospites,
922 1296 1084 1368 didicerit
1101 1294 1217 1366 Poeta

168 1414 327 1484 nauticas
354 1437 409 1482 res
430 1437 565 1497 cauere,
584 1438 664 1484 cum
688 1424 769 1484 ortu
794 1415 899 1506 plane
916 1413 1094 1507 ἠπειρώτης
1110 1419 1216 1482 esset.

169 1529 258 1614 Quis
284 1531 373 1599 adeo
399 1530 521 1600 docuit
549 1552 631 1599 eum
661 1532 698 1599 in
727 1530 902 1622 profunda
934 1529 1040 1599 maris
1074 1527 1215 1608 intueri,

169 1669 251 1717 cum
270 1647 389 1715 divina
406 1646 557 1737 quadam
571 1646 765 1737 voluptate,
779 1646 885 1715 mista
900 1643 1111 1714 formidine?
1139 1643 1217 1733 quis

169 1785 274 1853 vagas
296 1763 539 1854 navigantium
557 1784 668 1844 curas,
685 1763 820 1831 incerta
836 1760 963 1842 studia,
981 1782 1080 1852 spem
1100 1757 1218 1827 infini-

170 1887 255 1959 tam,
283 1877 415 1947 tabella
449 1878 547 1968 quasi
578 1880 697 1947 votiva
726 1876 940 1970 depingere?
991 1875 1037 1944 In
1065 1883 1218 1964 utroque

169 2015 298 2085 genere
316 2017 386 2085 prae
403 1994 565 2064 omnibus
582 1994 740 2066 eminent
756 2016 798 2064 ea
815 2016 895 2084 quae
913 1999 1085 2063 vocantur
1101 1987 1218 2082 Argo-

170 2105 351 2187 nautica¹2
829 2091 831 2096 ¹

274 2248 321 2300 τόν
333 2247 362 2299 δέ
373 2248 502 2317 παμπειθῆ
514 2249 610 2319 γλυκὺν
621 2247 765 2318 ἡμιθέοισιν
775 2248 859 2302 πόθον
869 2245 1092 2319 πρόσόοιενἯρα

277 2335 338 2388 νοός
347 2331 466 2404 Ἀργοῦς,
478 2333 513 2403 μὴ
525 2357 581 2389 τινα
593 2337 744 2404 λειπόμενον

276 2419 323 2475 πὰν
334 2420 465 2476 ἀκίνδυνον
476 2423 546 2493 παρὰ
563 2423 641 2494 ματρὶ
658 2421 743 2492 μένειν
753 2422 832 2476 ateva
843 2420 977 2486 πέσσοντ’,
989 2419 1049 2477 ἄλλ’
1063 2419 1106 2476 ἐπὶ
1118 2420 1162 2474 καὶ
1173 2419 1220 2475 θα·

311 2528 377 2560 Vim)

276 2558 413 2663 φάρμόκον
424 2592 567 2649 κάλλιστον
578 2596 621 2650 ἕᾶς
631 2595 723 2664 <ipsuis
734 2595 820 2663 ἅλιξιν
832 2594 952 2665 εὑρέσθαι
964 2595 1014 2650 σὺν
1026 2594 1126 2651 ἅλλοις.

172 2705 269 2781 Vere
295 2715 333 2776 et
358 2721 451 2807 apte,
477 2710 504 2778 si
532 2709 609 2799 quis
636 2708 735 2790 alius,
764 2709 884 2802 tetigit
911 2709 1098 2778 mirificum
1128 2708 1218 2778 illud

171 2823 277 2893 maris
303 2825 411 2892 etiam
439 2826 595 2893 nondum
622 2827 687 2894 visi
714 2826 1028 2916 desideriumque
1056 2825 1220 2894 norimus

172 2938 360 3029 aliquando
367 2940 518 3030 juvenes
531 2963 739 3031 puerosque,
751 2939 850 3008 velut
863 2939 937 3009 fato
951 2939 1105 3030 quodam
1117 2940 1220 3022 ictos,

173 3054 329 3147 flagrare,
383 3053 550 3146 Explicat
568 3055 707 3137 deinde,
727 3077 795 3146 qua
817 3064 939 3124 mente
956 3054 1093 3123 soleant
1110 3054 1221 3123 iidem

173 3192 298 3238 navem
323 3170 436 3260 primo
454 3171 708 3245 conscendere:
737 3194 807 3261 quo
825 3171 980 3245 carmine
997 3169 1086 3243 nihil
1104 3169 1222 3261 splen·

174 3285 299 3359 didius.

527 3382 582 3436 ἐπεὶ
594 3381 616 3435 δ’
630 3383 744 3452 ἐμβόλου

315 3466 446 3538 κρέμασαν
457 3466 568 3538 ἀγκύρας
579 3467 697 3539 ὕπερθεν,

315 3552 431 3625 χρυσέαν
441 3555 563 3625 χείρεσσι
574 3557 664 3610 λαβὼν
675 3553 773 3626 φιάλαν

315 3640 396 3710 ἀρχὸς
408 3640 435 3692 ἐν
446 3639 546 3709 πρύμνᾳ
559 3639 647 3710 πατέρ’
660 3641 802 3715 Οὐρανιδᾶν
814 3637 1007 3712 ἐγχεικέραυνον
1018 3643 1093 3710 Ζῆνα,
1104 3642 1145 3694 καὶ
1157 3642 1223 3697 ‹ixv-

351 3728 447 3796 πόρους

317 3811 432 3880 κυμότων
448 3811 525 3882 ῥιπὰς
541 3811 638 3881 ἀνέμων
655 3812 677 3867 τ’
695 3811 788 3876 ἐκάλει,
807 3811 898 3868 νύκτας
917 3812 1002 3866 τεκαὶ
1019 3815 1117 3867 πόντου
1135 3811 1224 3867 κελεύ-

388 3897 457 3960 θους,

317 3984 401 4054 ἄματά
412 3983 434 4038 τ’
446 3986 561 4054 εὔφρονα
574 3985 614 4038 καὶ
626 3987 718 4056 φιλίαν
731 3987 834 4040 νόστοιο
846 3987 945 4054 μοῖραν·

319 4070 346 4124 ἔκ
358 4070 457 4142 νεφέων
469 4071 497 4124 δέ
509 4072 533 4123 oi
546 4069 657 4126 ἀντόυσε
668 4074 779 4142 βροντᾶς
791 4070 877 4125 αἴσιον

318 4156 433 4234 φθέγμα·
451 4160 568 4229 λαμπραὶ
580 4158 602 4212 δ’
614 4157 696 4226 ἦλθον
707 4158 805 4214 ἀκτῖνες
816 4160 945 4229 στεροπᾶς
956 4156 1169 4229 ἀπορηγνυμένοι·

595 4350 694 4425 letlt.
708 4369 734 4416 4.
747 4363 807 4422 327.
