2768 4876
170 334 266 374 nunu.
278 333 371 374 xxm.
427 313 555 377 Horatii
569 313 606 378 do
619 315 681 398 ojus
688 335 821 400 porsoao
827 315 994 400 ybdioo'osou
1155 320 1218 383 445

169 505 249 573 pars
267 492 344 554 erat
357 484 472 555 altem
490 485 650 578 supplicii
668 488 836 558 divinitus
854 490 891 557 in
908 512 946 559 se
963 487 1133 570 immissis,

454 627 534 692 aaz
546 628 566 682 a
578 629 618 683 ss·
637 631 771 700 φοβοῦμαι

333 715 336 721 ’
379 715 430 766 τὸν
440 714 571 782 μυριωπὸν
582 714 713 784 εἶσορῶσα
723 714 828 780 βοῦταν.

384 802 399 852 d
412 800 440 853 δὲ
451 798 586 869 πορεύεται
599 800 686 856 δόλιον
698 801 757 871 ὄμμ’
770 803 845 873 ἔχων,

384 884 414 940 ὃν
425 887 484 940 οὐδὲ
496 887 652 941 κατθάνοντα
662 890 724 959 γαῖα
736 887 829 943 κεύθει.

383 968 453 1023 ἀλλά
464 993 496 1039 ρε
507 970 554 1024 τὰν
566 972 688 1026 τάλαιναν

383 1056 413 1124 ἐξ
425 1056 517 1126 ε’νερῶν
527 1062 613 1127 περῶν
624 1060 763 1129 κυνηγετεῖ·

383 1145 468 1212 πλανᾷ
480 1165 508 1196 τε
520 1146 610 1212 νῆστιν
621 1143 669 1197 ἀνὰ
681 1145 727 1198 τὸν
738 1142 867 1215 παραλίαν
878 1146 995 1215 ψάμμον·

383 1229 433 1282 ὑπὸ
446 1229 474 1283 δὲ
487 1232 668 1299 κηρόπλαστος
680 1230 768 1295 ’ὀτοβεῖ
780 1230 858 1298 δόναξ

382 1313 476 1384 ἄχε’ται·

383 1403 525 1458 ὑπνοδόταν
536 1406 622 1472 νόμον.

170 1549 353 1619 Nimirum
372 1549 481 1619 oculis
498 1551 645 1620 minime
662 1550 825 1621 fallendis
843 1551 994 1620 obsideri
1011 1575 1049 1622 se
1066 1556 1216 1625 somnia-

170 1674 229 1734 tur
263 1667 359 1735 omni
393 1675 562 1758 tempore,
590 1667 695 1736 coeeis
730 1667 909 1736 desideriis
944 1666 1037 1737 ultre
1069 1671 1215 1738 modum

170 1781 279 1851 semel
301 1782 461 1874 abrepta.
513 1781 600 1851 Non
618 1781 732 1852 solum
750 1784 858 1877 piget,
878 1805 1000 1852 venum
1019 1785 1127 1855 etiam
1151 1809 1216 1877 pu-

171 1897 242 1978 det,
261 1895 318 1965 vel
338 1896 412 1966 sola
435 1897 613 1990 cogitandi
639 1897 748 1967 nimia
773 1897 917 1966 licentia
942 1920 1125 1990 peccasse:
1151 1923 1215 1992 pu·

170 2012 240 2095 det,
272 2014 427 2104 inquam,
454 2010 614 2082 Deorum
647 2013 926 2104 hominumquo;
961 2015 1070 2084 immo
1105 2016 1213 2086 etiam

169 2127 326 2198 locorum
351 2129 517 2220 ipsorum,
534 2128 634 2220 quasi
659 2130 730 2198 sint
756 2136 793 2198 et
816 2130 881 2220 ipsi
905 2128 963 2198 vel
985 2130 1139 2201 criminis
1156 2131 1214 2201 vel

170 2243 356 2312 dementiae
373 2251 469 2313 certe
487 2243 627 2313 conscii.
671 2242 790 2326 Quare
807 2267 853 2313 ex
870 2242 937 2313 hac
954 2266 1095 2337 quoque
1112 2256 1213 2338 parte

168 2341 335 2428 credibile
350 2360 403 2443 fit,
422 2381 501 2428 eam
522 2357 683 2428 consulto
708 2357 836 2450 puellae
858 2358 918 2429 isti
943 2360 1052 2430 tribui
1073 2360 1119 2429 ab
1135 2361 1213 2431 AEs-
1305 2434 1309 2440 ,

168 2472 270 2566 cbylo
291 2482 411 2544 nostro
432 2496 627 2566 persenam,
648 2497 729 2565 quae
751 2482 863 2565 ponat
888 2483 971 2544 ante
997 2474 1118 2545 oculos
1144 2477 1213 2546 for-

167 2596 269 2658 tunas
286 2589 540 2670 adolescentiae,
553 2589 692 2680 pudicae
710 2588 854 2680 quidem
871 2587 965 2658 illius
983 2598 1020 2658 et
1036 2591 1210 2682 ingenuae‚

166 2705 227 2774 sed
245 2705 390 2776 fervidae
407 2705 521 2785 nimis,
539 2711 577 2773 et
594 2704 757 2774 inanibus
773 2702 919 2774 intentae
937 2705 1038 2775 votis.

216 2818 277 2888 Ne
294 2843 377 2890 vero
395 2822 591 2912 suspicetur
607 2819 743 2910 aliquis,
762 2829 882 2889 nostra
904 2843 968 2890 nos
987 2821 1094 2890 modo
1116 2843 1211 2890 com-

165 2944 287 3005 menta
309 2937 502 3018 venditare,
520 2935 623 3004 video
649 2935 722 3004 tale
747 2935 880 3025 aliquid
898 2933 1049 3005 Horatio
1070 2958 1210 3027 quoque

165 3050 346 3142 placuisse,
364 3051 479 3122 sobrio
496 3073 579 3120 sane
590 3049 715 3142 judici,
732 3048 950 3140 minimeque
967 3050 1099 3142 inepto.
1139 3050 1209 3133 Qui

165 3190 246 3237 eum
263 3168 393 3238 famem
411 3167 620 3259 plerumque
638 3166 736 3256 sequi
748 3164 885 3256 jubeat,
903 3165 998 3256 quod
1016 3166 1147 3235 attinet
1165 3167 1209 3236 ad

164 3305 278 3352 mores
296 3305 418 3352 eorum
436 3283 496 3373 qui
513 3282 549 3350 in
567 3302 707 3350 scenam
728 3281 933 3363 mittuntur,
952 3280 1106 3372 exempli
1130 3280 1209 3350 loco

166 3398 310 3467 adhibet
335 3405 461 3490 praetor
487 3404 612 3466 catera
637 3403 794 3464 nostram
817 3394 910 3465 hanc
940 3392 993 3479 Io,
1019 3418 1126 3488 quam
1151 3418 1209 3466 οα-

158 3534 240 3606 ρανι
258 3534 399 3603 quoque
416 3509 611 3603 appellato.

374 3681 415 3735 sit
428 3681 524 3735 Medea
535 3682 608 3735 ferox
620 3681 779 3752 invictaque,
791 3681 887 3735 flebilis
900 3680 960 3744 Ino,

372 3767 493 3822 Perfidus
506 3767 593 3832 Ixion,
606 3766 725 3836 lunayo,
739 3766 821 3820 tn'stis
835 3765 953 3820 Orestes.

161 3927 183 3957 ⁴‘
193 3917 279 4002 Sit?
292 3919 419 4010 inquit,
434 3920 502 3990 “Io
515 3922 634 4014 vaga.”
681 3922 857 4005 Quorsum
875 3918 988 3988 illud?
1022 3916 1147 3990 Omnis
1161 3922 1205 3990 de

163 4054 203 4103 ea
214 4036 367 4105 narratio
381 4036 485 4106 moris
499 4036 671 4107 erroribus
682 4036 899 4106 eontinetun:
920 4034 986 4116 uti,
997 4033 1026 4102 si
1040 4036 1086 4106 sit
1099 4036 1205 4123 modo

256 4287 272 4326 ¹
287 4289 376 4343 Prom.
389 4303 450 4360 570.
791 4298 806 4336 ιι
824 4289 867 4342 De
877 4288 937 4342 Art.
951 4288 1096 4357 Poet123.
