2768 4876
122 336 221 387 rann.
231 347 341 387 xxxrv.
367 326 530 390 Insaniam
541 327 699 390 Poeticom
712 338 769 390 seta
780 328 886 411 pratia
900 348 958 391 noa
973 350 1084 392 carere.
1111 327 1175 399 689

65 491 70 498 ’
115 497 256 587 jejunae
282 496 509 588 philosophiae
533 497 961 579 documenta-Atomos,
981 497 1101 580 Inane,
1121 499 1176 570 Si-

123 611 293 694 mulacra,
309 611 815 703 Indolentiam-perturbatae
832 615 961 683 mentis
978 617 1175 684 remedium

123 727 302 817 quaerenti
323 726 548 797 satisfacere?
601 726 733 797 Nonne
753 728 901 820 frigidus
923 730 998 821 ipse
1024 732 1175 799 evaserit

123 847 165 910 et
185 840 329 932 jejunus
355 863 497 912 necesse
518 850 582 921 est,
601 843 658 910 oui
681 843 737 911 vel
763 844 952 913 somnianti
978 846 1175 936 placuerint

121 955 323 1024 istiusmodi
349 956 479 1049 nugae?
505 958 636 1027 nedum
662 964 703 1027 ut
727 957 852 1027 solatio
870 959 952 1042 sint,
969 961 1174 1052 gravissima

121 1093 211 1139 cura
227 1077 264 1139 et
281 1070 401 1140 dolore
420 1072 621 1142 confectis?

128 1253 131 1257 ,
175 1183 305 1254 Fateor
321 1186 500 1277 prosector
525 1195 562 1256 at
576 1188 704 1267 videte,
719 1188 873 1270 obsecro,
887 1212 932 1258 an
949 1190 1018 1259 alia
1034 1208 1175 1281 prorsus

123 1291 285 1371 Lucretii
310 1303 421 1371 nostri
447 1303 493 1372 sit
518 1326 633 1372 causa.
687 1303 726 1374 Si
745 1327 826 1373 vera
847 1304 891 1373 de
913 1329 955 1375 eo
979 1315 1174 1386 narrantur,

122 1418 334 1487 crediderim
360 1419 395 1486 ei
420 1432 491 1488 non
518 1420 630 1489 invito
656 1421 693 1488 in
720 1429 877 1490 mentem
908 1422 1045 1490 venisse
1072 1437 1175 1489 mun-

123 1535 191 1604 dos
224 1532 302 1604 illos
338 1533 495 1604 infinitos
528 1544 566 1605 et
600 1551 721 1605 cursus
755 1544 966 1619 atomorum,
1002 1536 1174 1627 quaerenti

123 1649 293 1720 videlieet
306 1662 382 1722 ‚non
401 1649 564 1720 stabilem
584 1674 772 1742 veramque
791 1650 1094 1742 tranquillitatem,
1113 1655 1173 1721 sed

122 1789 167 1835 ea
184 1766 314 1857 potius,
330 1789 409 1857 quae
427 1789 489 1857 per
506 1767 692 1837 intervalla
717 1767 830 1836 morbi
852 1776 994 1857 possent
1011 1768 1174 1836 levamen

122 1905 188 1973 pro
221 1889 383 1973 ternpore
416 1880 549 1962 afferre,
584 1882 740 1952 mulcere
775 1905 884 1963 curae,
920 1904 980 1973 spe
1014 1884 1174 1973 quamvis

124 1997 224 2066 tenui
251 1996 380 2067 fovere.
432 1995 555 2068 Verbo
582 1998 717 2067 dicam:
748 1997 853 2067 aliam
879 2020 1019 2088 prorsus
1044 1999 1175 2067 intelli-

124 2111 242 2203 gimus
258 2110 456 2179 Democriti
473 2119 511 2178 et
529 2111 672 2202 Epicuri
697 2111 848 2202 culpam,-
866 2114 976 2194 siccis,
1000 2122 1041 2182 ut
1064 2113 1174 2194 aiunt,

126 2226 237 2296 oculis
266 2225 583 2317 contemplantium
614 2227 770 2296 sterilem
798 2227 895 2296 illam
924 2238 960 2297 et
988 2228 1173 2297 informem

126 2341 726 2436 mundi,negataupovoip,soenam;
744 2343 849 2412 aliam
863 2343 1013 2413 turbatae
1024 2352 1061 2413 et
1072 2366 1174 2436 aegrae

127 2459 267 2540 mentis,
295 2467 454 2528 cessante
479 2459 524 2527 ad
551 2466 693 2550 tempus
723 2459 826 2539 malo,
854 2458 1043 2549 tranquilla
1068 2461 1173 2528 modo

128 2572 240 2664 spatia
264 2571 331 2640 sibi
359 2571 567 2664 indagantis,
590 2594 636 2639 ne
664 2572 754 2640 forte
781 2571 884 2640 solito
912 2572 1016 2639 citius
1045 2572 1173 2640 iterum

130 2689 172 2758 de
189 2697 286 2758 statu
303 2704 367 2756 suo
385 2687 579 2778 dejiciatur.

179 2802 263 2872 Jam
284 2809 405 2871 autem
427 2801 484 2869 vel
507 2800 604 2870 hisce
622 2800 678 2869 vel
704 2801 780 2870 aliis
804 2803 849 2870 de
873 2792 985 2870 causis
1011 2803 1175 2894 mitigato

129 2919 237 2988 semel
265 2917 401 3009 judicio
431 2917 476 2985 de
505 2915 718 2985 Lucretiana
745 2940 828 3009 erga
855 2915 952 2985 Deos
978 2916 1173 2997 insolentia,

130 3034 320 3103 videndum
345 3055 389 3100 an
411 3031 502 3100 forte
522 3029 652 3099 habeat
670 3029 802 3120 aliquid
820 3032 933 3121 ipsum
961 3030 1058 3111 illud,
1079 3031 1176 3100 lusa-

128 3150 211 3228 nire,
235 3147 330 3240 quod
358 3146 500 3236 arripiet
527 3154 665 3214 mentes
695 3146 890 3227 hominum,
913 3147 1009 3215 etin
1035 3155 1176 3236 tempus

129 3264 294 3342 detineat,
318 3270 487 3353 tanquam
504 3259 710 3353 Tragoediae,
732 3270 833 3352 grato
856 3262 1008 3350 quodam
1033 3269 1175 3340 terrore,

128 3378 293 3447 intentos.
346 3375 546 3444 Pendemus
569 3375 733 3444 videlicet
760 3377 804 3445 ab
826 3376 1074 3444 insanientium
1103 3399 1174 3456 ore,

130 3492 254 3562 incerti
280 3492 365 3584 quid
392 3490 529 3582 singula
555 3491 735 3580 proferant
762 3500 953 3559 momenta.-
1006 3491 1175 3572 Quamvis

128 3615 247 3676 autem
265 3607 302 3674 in
320 3629 358 3675 re
376 3628 416 3674 ac
435 3605 584 3673 veritate
608 3604 803 3694 periculosa
820 3606 865 3672 sit
884 3627 925 3673 ea
943 3606 1117 3673 dubitatio
1135 3628 1176 3673 ac

128 3721 286 3802 molesta,
304 3721 340 3789 in
358 3737 463 3790 scena
481 3727 601 3788 tamen
619 3726 726 3807 atque
750 3720 787 3786 in
812 3717 921 3787 literis
939 3719 1176 3787 delectatione

129 3857 190 3905 sua
205 3859 277 3905 non
295 3843 409 3905 caret:
438 3833 543 3926 plane
561 3835 652 3901 sicut
669 3833 761 3922 apud
781 3833 966 3902 histriones
985 3834 1176 3903 toleramus

129 3949 292 4032 facinora,
310 3948 454 4041 flagitia,
472 3948 600 4030 caedes,
618 3955 744 4037 pestes,
763 3948 931 4016 immania
954 3948 1081 4028 omnia,
1100 3970 1176 4036 quae

129 4062 214 4131 nihil
236 4083 392 4151 unquam
419 4061 455 4128 in
475 4060 550 4127 vita
574 4060 765 4150 promereri
792 4061 858 4129 sibi
884 4062 1029 4152 possint,
1048 4070 1178 4151 praeter

130 4186 230 4247 atrox
256 4184 295 4245 et
319 4174 469 4266 capitale
497 4175 626 4243 odium.
681 4174 777 4243 Hinc
800 4174 862 4243 illa
884 4176 976 4265 apud
1002 4174 1179 4264 Shakspe-

131 4312 207 4359 rum
225 4312 319 4359 nunc
337 4290 446 4379 patris
465 4287 607 4379 indigne
625 4288 782 4370 mulcati,
797 4311 889 4358 nuno
903 4290 1045 4380 virginis
1058 4310 1178 4356 amore

629 4423 693 4494 Yl
