2768 4876
168 313 234 378 684
420 315 573 380 Ciceronis
588 315 948 399 domnumbasolum
1003 337 1218 379 ramuxxxrv.

169 481 208 540 et
226 494 368 541 suorum
387 482 589 542 commenta
608 472 744 542 Latinis
766 471 876 542 literis
893 473 1143 542 commendare
1160 494 1219 541 vo-

171 587 328 657 luissent.
376 587 443 657 Ait
466 589 626 658 extitisse
644 588 769 659 Cicero
792 589 968 678 quendam
987 586 1219 668 Amafinium,

168 726 239 793 quo
269 711 430 792 tempore
465 703 619 793 primum
646 702 881 797 Philosophiae
911 702 1044 772 dabant
1077 725 1220 793 operam

172 818 323 887 Romani
336 813 362 896 l,
391 819 522 909 “cujus
552 817 650 887 libris
679 819 783 887 editis
813 828 991 889 commota
1025 817 1221 887 multitudo

168 933 321 1003 contulit
345 955 382 1003 se
400 933 443 1002 ad
463 934 612 1003 eandem
638 935 861 1025 potissimum
879 933 1119 1024 disciplinam
1147 933 1222 1003 sive

169 1048 263 1138 quod
296 1057 372 1118 erat
400 1048 544 1140 cognitu
572 1049 757 1139 perfacilis,
784 1050 858 1118 sive
883 1051 976 1139 quod
1003 1049 1222 1118 invitabatur

169 1162 344 1233 illecebris
370 1161 508 1232 blandis
532 1162 746 1254 voluptatis3
776 1165 849 1233 sive
875 1165 994 1244 etiam,
1021 1164 1104 1255 quia
1131 1162 1221 1232 nihil

169 1277 345 1369 prolatum
377 1286 453 1348 erat
483 1277 620 1358 melius,
651 1277 749 1359 illud,
778 1278 870 1369 quod
903 1287 987 1360 erat,
1016 1279 1219 1348 tenebant.”

170 1392 358 1463 Videtisne
382 1414 488 1483 quam
511 1392 612 1461 nihili
640 1394 790 1462 aestimet
815 1392 910 1486 vulgi
933 1392 977 1462 de
999 1416 1042 1462 ea
1068 1416 1107 1462 re
1124 1394 1222 1484 judi-

169 1508 288 1578 cium?
332 1507 455 1601 Pergit
469 1508 596 1578 deinde
613 1531 712 1578 suam
727 1509 772 1578 de
785 1507 987 1578 doctoribus
1005 1510 1221 1578 sententiam

169 1622 355 1714 explicare.
407 1623 527 1694 “Post
545 1623 765 1694 Amafinium
787 1624 891 1692 multi
917 1623 1078 1716 ejusdem
1101 1624 1220 1693 aemuli

169 1739 313 1808 rationis
339 1738 453 1810 multa
478 1762 560 1809 cum
582 1741 808 1830 scripsissent,
825 1739 965 1808 Italiam
984 1747 1097 1809 totam
1116 1762 1221 1810 occu-

168 1863 363 1944 paverunt;
389 1854 554 1946 quodque
575 1857 771 1924 maximum
796 1863 1046 1945 argumentum
1064 1862 1129 1936 est,
1148 1878 1220 1925 non

169 1970 238 2038 dici
265 1969 324 2039 illa
350 1969 536 2050 subtiliter,
562 1970 656 2060 quod
685 1982 723 2038 et
750 1968 854 2038 facile
877 1968 1088 2050 ediscantur,
1113 1978 1151 2039 et
1174 1971 1220 2040 ab

169 2087 319 2156 indoctis
345 2088 548 2177 probentur,
573 2087 611 2155 id
641 2085 693 2156 illi
723 2086 986 2155 firmamentum
1013 2108 1090 2157 esse
1117 2088 1220 2159 disci-

169 2201 272 2292 plinae
290 2202 448 2293 putant.’'
1080 2201 1082 2204 ’

220 2315 311 2388 Haec
341 2342 423 2387 cum
454 2317 622 2387 scriberet
648 2318 782 2398 Cicero,
810 2317 979 2387 credibile
1005 2325 1071 2399 est,
1094 2317 1218 2388 Romae

161 2433 238 2522 jam
264 2434 300 2502 in
326 2433 488 2503 manibus
514 2433 622 2502 fuisse
650 2433 807 2502 Lucretii
834 2433 998 2514 carmina,
1023 2432 1158 2516 multis
1176 2441 1218 2503 ut

168 2548 300 2637 opinor,
328 2547 420 2616 lecta
447 2556 554 2637 atque
585 2547 747 2628 laudata;
782 2547 955 2637 siquidem
985 2547 1107 2638 paucis
1137 2555 1218 2638 post

167 2664 267 2733 annis
293 2666 507 2733 imitatorem
534 2686 694 2732 meruere
717 2662 920 2755 Virgilium.
973 2662 1090 2732 Immo
1115 2662 1218 2734 Cice·

168 2781 243 2847 roni
270 2781 335 2869 ipsi
360 2788 528 2848 venerant
550 2780 587 2846 in
614 2801 759 2859 mauus3
786 2780 916 2869 quippe
941 2779 987 2846 ab
1014 2801 1056 2847 eo
1082 2801 1218 2850 memo-

168 2901 245 2962 rata
269 2894 305 2962 in
327 2895 475 2986 epistola
492 2894 642 2984 quadam
665 2916 728 2962 sua
752 2894 795 2961 ad
815 2893 989 2975 Quintum
1009 2893 1216 2965 Fratrem⁰z

168 3008 387 3090 “Lucretii'’
410 3010 534 3101 inquit,
562 3017 583 3048 “
595 3019 768 3100 poemata,
799 3018 840 3079 ut
870 3011 1000 3091 scribis,
1030 3010 1080 3079 ita
1110 3020 1215 3082 sunt:

167 3124 289 3193 multis
303 3124 494 3193 luminibus
507 3125 650 3216 ingenii,
660 3125 785 3194 multae
800 3134 919 3194 tamen
933 3127 1048 3194 artis.'’
1081 3125 1216 3209 Quidni

160 3239 373 3328 judicemus,
386 3240 431 3307 de
444 3239 513 3308 illis
526 3262 608 3308 eum
626 3239 724 3330 loqui
738 3239 889 3308 voluisse
907 3242 975 3309 ista
992 3241 1214 3320 sententiola,

167 3376 272 3443 quam
298 3366 369 3424 'nos
402 3357 508 3424 modo
532 3356 608 3444 jam
639 3377 660 3423 a
689 3354 894 3424 Tusculanis
924 3356 1215 3447 deprompsimus,

167 3469 343 3560 scriptoris
379 3468 495 3538 solum
534 3470 676 3539 nomine
710 3469 851 3540 celato?
907 3470 1012 3554 Quod
1052 3472 1119 3540 nisi
1153 3470 1215 3540 ille

166 3607 278 3675 genus
305 3585 342 3652 id
369 3605 485 3666 omne,
511 3584 688 3676 religionis
716 3607 829 3666 causa,
855 3594 1023 3675 tanquam
1051 3586 1213 3654 odiosum

166 3710 204 3767 et
236 3700 436 3777 molestum,
467 3707 697 3790 percurreret,
727 3702 788 3770 vix
822 3701 985 3790 equidem
1016 3701 1121 3769 video
1152 3702 1214 3792 qui

166 3815 240 3883 fieri
270 3815 436 3905 potuerit,
462 3823 503 3882 ut
530 3824 710 3883 auctorem
739 3823 810 3884 tam
838 3838 992 3908 gravem,
1018 3815 1213 3906 praesertim

165 3931 225 4017 qui
250 3930 444 4019 pertineret
461 3930 604 3998 omnino
621 3930 665 3998 ad
686 3929 829 3999 Latium
847 3939 884 3999 et
902 3931 944 3998 ad
965 3930 1121 4012 Latinos,
1140 3930 1213 4000 alto

164 4043 306 4111 silentio
324 4046 527 4133 praeteriret.

217 4156 354 4226 Verum
376 4159 459 4247 quid
484 4161 660 4250 quaerit-is?
690 4163 891 4231 innumeras
916 4161 1049 4231 habent
1072 4159 1222 4232 Cicero·-

271 4299 285 4336 Β
301 4299 375 4353 illeso.
389 4300 465 4368 Disp.
479 4319 505 4368 4.
518 4320 544 4371 3.
769 4304 837 4358 end
850 4305 939 4364 Quint.
953 4305 1043 4357 Frotr.
1056 4303 1083 4358 ii.
1099 4319 1139 4358 11.
