<?xml version="1.0" encoding="UTF-8"?>
<!DOCTYPE html PUBLIC "-//W3C//DTD XHTML 1.0 Transitional//EN"
    "http://www.w3.org/TR/xhtml1/DTD/xhtml1-transitional.dtd">
<html xmlns="http://www.w3.org/1999/xhtml" xml:lang="en" lang="en">
 <head>
  <title>
</title>
<meta http-equiv="Content-Type" content="text/html;charset=utf-8" />
  <meta name='ocr-system' content='tesseract 3.04.00' />
  <meta name='ocr-capabilities' content='ocr_page ocr_carea ocr_par ocr_line ocrx_word'/>
</head>
<body>
  <div class='ocr_page' id='page_1' title='image "./depoeticaevimed00keblgoog_0253.png"; bbox 0 0 2768 4876; ppageno 0'>
   <div class='ocr_carea' id='block_1_1' title="bbox 255 1496 1217 1582">
    <p class='ocr_par' dir='ltr' id='par_1_1' title="bbox 255 1496 1217 1582">
     <span class='ocr_line' id='line_1_1' title="bbox 255 1496 1217 1582; baseline 0.002 -6"><span class='ocrx_word' id='word_1_1' title='bbox 255 1497 614 1582; x_wconf 87' lang='lat' dir='ltr'>PRAELECTIO</span> <span class='ocrx_word' id='word_1_2' title='bbox 648 1497 975 1580; x_wconf 83' lang='lat' dir='ltr'>TRICESIMA</span> <span class='ocrx_word' id='word_1_3' title='bbox 1007 1496 1217 1579; x_wconf 84' lang='lat' dir='ltr'><strong>PRIMA.</strong></span> 
     </span>
    </p>
   </div>
   <div class='ocr_carea' id='block_1_2' title="bbox 213 2088 1259 2588">
    <p class='ocr_par' dir='ltr' id='par_1_2' title="bbox 213 2088 1259 2588">
     <span class='ocr_line' id='line_1_2' title="bbox 213 2088 1258 2159; baseline 0.003 -18"><span class='ocrx_word' id='word_1_4' title='bbox 213 2088 284 2149; x_wconf 83' lang='lat' dir='ltr'><strong><em>Quid</em></strong></span> <span class='ocrx_word' id='word_1_5' title='bbox 293 2088 338 2152; x_wconf 74' lang='lat' dir='ltr'><strong><em>ait,</em></strong></span> <span class='ocrx_word' id='word_1_6' title='bbox 352 2089 421 2158; x_wconf 82' lang='lat' dir='ltr'><strong><em>qaod</em></strong></span> <span class='ocrx_word' id='word_1_7' title='bbox 431 2089 488 2141; x_wconf 83' lang='lat' dir='ltr'><strong><em>rari</em></strong></span> <span class='ocrx_word' id='word_1_8' title='bbox 500 2107 598 2159; x_wconf 79' lang='lat' dir='ltr'><strong><em>qaoque</em></strong></span> <span class='ocrx_word' id='word_1_9' title='bbox 610 2089 758 2158; x_wconf 62' lang='lat' dir='ltr'><strong><em>decentibus</em></strong></span> <span class='ocrx_word' id='word_1_10' title='bbox 770 2106 834 2158; x_wconf 79' lang='lat' dir='ltr'><strong><em>opas</em></strong></span> <span class='ocrx_word' id='word_1_11' title='bbox 844 2089 881 2142; x_wconf 77' lang='lat' dir='ltr'><strong><em>sit</em></strong></span> <span class='ocrx_word' id='word_1_12' title='bbox 892 2089 984 2142; x_wconf 71' lang='lat' dir='ltr'><strong><em>Poetis</em></strong></span> <span class='ocrx_word' id='word_1_13' title='bbox 994 2089 1103 2143; x_wconf 74' lang='lat' dir='ltr'><strong><em>natica.</em></strong></span> <span class='ocrx_word' id='word_1_14' title='bbox 1139 2090 1258 2144; x_wconf 74' lang='lat' dir='ltr'><strong><em>Philoto-</em></strong></span> 
     </span>
     <span class='ocr_line' id='line_1_3' title="bbox 239 2174 1258 2245; baseline 0.003 -18"><span class='ocrx_word' id='word_1_15' title='bbox 239 2175 312 2244; x_wconf 74' lang='lat' dir='ltr'><strong><em>pdioe</em></strong></span> <span class='ocrx_word' id='word_1_16' title='bbox 329 2174 441 2238; x_wconf 82' lang='lat' dir='ltr'><strong><em>eandem,</em></strong></span> <span class='ocrx_word' id='word_1_17' title='bbox 455 2191 531 2245; x_wconf 80' lang='lat' dir='ltr'><strong><em>qaam</em></strong></span> <span class='ocrx_word' id='word_1_18' title='bbox 542 2175 663 2237; x_wconf 85' lang='lat' dir='ltr'><strong><em>Poetiea,</em></strong></span> <span class='ocrx_word' id='word_1_19' title='bbox 672 2176 843 2244; x_wconf 77' lang='lat' dir='ltr'><strong><em>partitionem</em></strong></span> <span class='ocrx_word' id='word_1_20' title='bbox 855 2175 924 2238; x_wconf 84' lang='lat' dir='ltr'><strong><em>dori,</em></strong></span> <span class='ocrx_word' id='word_1_21' title='bbox 936 2175 983 2229; x_wconf 76' lang='lat' dir='ltr'><strong><em>sed</em></strong></span> <span class='ocrx_word' id='word_1_22' title='bbox 994 2175 1097 2229; x_wconf 79' lang='lat' dir='ltr'><strong><em>iaoeroo</em></strong></span> <span class='ocrx_word' id='word_1_23' title='bbox 1111 2175 1204 2230; x_wconf 75' lang='lat' dir='ltr'><strong><em>ordine</em></strong></span> <span class='ocrx_word' id='word_1_24' title='bbox 1220 2176 1258 2230; x_wconf 81' lang='lat' dir='ltr'><strong><em>oi·</em></strong></span> 
     </span>
     <span class='ocr_line' id='line_1_4' title="bbox 242 2261 1259 2333; baseline 0.001 -19"><span class='ocrx_word' id='word_1_25' title='bbox 242 2262 330 2330; x_wconf 70' lang='lat' dir='ltr'><strong><em>aoiooe</em></strong></span> <span class='ocrx_word' id='word_1_26' title='bbox 338 2278 425 2314; x_wconf 81' lang='lat' dir='ltr'><strong><em>earam</em></strong></span> <span class='ocrx_word' id='word_1_27' title='bbox 432 2267 534 2330; x_wconf 79' lang='lat' dir='ltr'><strong><em>partes.</em></strong></span> <span class='ocrx_word' id='word_1_28' title='bbox 559 2261 637 2314; x_wconf 78' lang='lat' dir='ltr'><strong><em>Uram</em></strong></span> <span class='ocrx_word' id='word_1_29' title='bbox 648 2261 800 2330; x_wconf 76' lang='lat' dir='ltr'><strong><em>Virqilioaoe</em></strong></span> <span class='ocrx_word' id='word_1_30' title='bbox 807 2262 918 2315; x_wconf 85' lang='lat' dir='ltr'><strong><em>Poeoeoo</em></strong></span> <span class='ocrx_word' id='word_1_31' title='bbox 925 2262 1027 2315; x_wconf 70' lang='lat' dir='ltr'><strong><em>marimo</em></strong></span> <span class='ocrx_word' id='word_1_32' title='bbox 1035 2261 1143 2326; x_wconf 76' lang='lat' dir='ltr'><strong><em>aboleri,</em></strong></span> <span class='ocrx_word' id='word_1_33' title='bbox 1147 2269 1259 2333; x_wconf 79' lang='lat' dir='ltr'><strong><em>propter</em></strong></span> 
     </span>
     <span class='ocr_line' id='line_1_5' title="bbox 245 2345 1258 2416; baseline 0 -16"><span class='ocrx_word' id='word_1_34' title='bbox 245 2345 375 2401; x_wconf 83' lang='lat' dir='ltr'><strong><em>diviniora</em></strong></span> <span class='ocrx_word' id='word_1_35' title='bbox 395 2348 494 2400; x_wconf 78' lang='lat' dir='ltr'><strong><em>celitus</em></strong></span> <span class='ocrx_word' id='word_1_36' title='bbox 513 2345 631 2399; x_wconf 77' lang='lat' dir='ltr'><strong><em>demissa</em></strong></span> <span class='ocrx_word' id='word_1_37' title='bbox 668 2347 711 2400; x_wconf 87' lang='lat' dir='ltr'><strong><em>De</em></strong></span> <span class='ocrx_word' id='word_1_38' title='bbox 726 2346 882 2416; x_wconf 82' lang='lat' dir='ltr'><strong><em>Empedocle</em></strong></span> <span class='ocrx_word' id='word_1_39' title='bbox 897 2347 1024 2412; x_wconf 77' lang='lat' dir='ltr'><strong><em>Lucretii,</em></strong></span> <span class='ocrx_word' id='word_1_40' title='bbox 1041 2347 1178 2400; x_wconf 69' lang='lat' dir='ltr'><strong><em>llreooeim</em></strong></span> <span class='ocrx_word' id='word_1_41' title='bbox 1199 2348 1258 2402; x_wconf 65' lang='lat' dir='ltr'><strong><em>Var-</em></strong></span> 
     </span>
     <span class='ocr_line' id='line_1_6' title="bbox 242 2431 1259 2501; baseline 0.002 -17"><span class='ocrx_word' id='word_1_42' title='bbox 242 2431 303 2500; x_wconf 68' lang='lat' dir='ltr'><strong><em>attii</em></strong></span> <span class='ocrx_word' id='word_1_43' title='bbox 314 2432 490 2500; x_wconf 72' lang='lat' dir='ltr'><strong><em>anteoiqaaao.</em></strong></span> <span class='ocrx_word' id='word_1_44' title='bbox 527 2431 616 2484; x_wconf 78' lang='lat' dir='ltr'><strong><em>Malta</em></strong></span> <span class='ocrx_word' id='word_1_45' title='bbox 632 2448 694 2495; x_wconf 81' lang='lat' dir='ltr'><strong><em>erse,</em></strong></span> <span class='ocrx_word' id='word_1_46' title='bbox 708 2449 764 2500; x_wconf 77' lang='lat' dir='ltr'><strong><em>qao</em></strong></span> <span class='ocrx_word' id='word_1_47' title='bbox 779 2431 913 2484; x_wconf 69' lang='lat' dir='ltr'><strong><em>lloeocoito</em></strong></span> <span class='ocrx_word' id='word_1_48' title='bbox 926 2431 1052 2501; x_wconf 80' lang='lat' dir='ltr'><strong><em>primarii</em></strong></span> <span class='ocrx_word' id='word_1_49' title='bbox 1063 2437 1160 2500; x_wconf 68' lang='lat' dir='ltr'><strong><em>parter</em></strong></span> <span class='ocrx_word' id='word_1_50' title='bbox 1173 2431 1259 2486; x_wconf 69' lang='lat' dir='ltr'><strong><em>aodi-</em></strong></span> 
     </span>
     <span class='ocr_line' id='line_1_7' title="bbox 245 2517 881 2588; baseline -0.003 -17"><span class='ocrx_word' id='word_1_51' title='bbox 245 2535 305 2571; x_wconf 88' lang='lat' dir='ltr'><strong><em>core</em></strong></span> <span class='ocrx_word' id='word_1_52' title='bbox 315 2518 467 2571; x_wconf 82' lang='lat' dir='ltr'><strong><em>videantur.-</em></strong></span> <span class='ocrx_word' id='word_1_53' title='bbox 482 2518 563 2586; x_wconf 83' lang='lat' dir='ltr'><strong><em>plara</em></strong></span> <span class='ocrx_word' id='word_1_54' title='bbox 575 2524 668 2580; x_wconf 84' lang='lat' dir='ltr'><strong><em>tamea,</em></strong></span> <span class='ocrx_word' id='word_1_55' title='bbox 681 2535 737 2588; x_wconf 80' lang='lat' dir='ltr'><strong><em>qao</em></strong></span> <span class='ocrx_word' id='word_1_56' title='bbox 749 2517 881 2586; x_wconf 70' lang='lat' dir='ltr'><strong><em>deaeqmc</em></strong></span> 
     </span>
    </p>
   </div>
   <div class='ocr_carea' id='block_1_3' title="bbox 126 2711 1258 4297">
    <p class='ocr_par' dir='ltr' id='par_1_3' title="bbox 126 2711 1258 4297">
     <span class='ocr_line' id='line_1_8' title="bbox 287 2711 1257 2805; baseline -0.003 -22"><span class='ocrx_word' id='word_1_57' title='bbox 287 2712 370 2784; x_wconf 92' lang='lat' dir='ltr'><strong><em>UM</em></strong></span> <span class='ocrx_word' id='word_1_58' title='bbox 396 2713 572 2805; x_wconf 88' lang='lat' dir='ltr'><strong><em>permulta</em></strong></span> <span class='ocrx_word' id='word_1_59' title='bbox 597 2721 689 2794; x_wconf 92' lang='lat' dir='ltr'><strong><em>sunt,</em></strong></span> <span class='ocrx_word' id='word_1_60' title='bbox 708 2711 927 2793; x_wconf 83' lang='lat' dir='ltr'><strong><em>Academici,</em></strong></span> <span class='ocrx_word' id='word_1_61' title='bbox 945 2733 1026 2802; x_wconf 87' lang='lat' dir='ltr'><strong><em>quae</em></strong></span> <span class='ocrx_word' id='word_1_62' title='bbox 1052 2713 1089 2780; x_wconf 92' lang='lat' dir='ltr'><strong><em>in</em></strong></span> <span class='ocrx_word' id='word_1_63' title='bbox 1107 2711 1257 2781; x_wconf 90' lang='lat' dir='ltr'><strong><em>Annali·</em></strong></span> 
     </span>
     <span class='ocr_line' id='line_1_9' title="bbox 311 2825 1256 2921; baseline -0.002 -24"><span class='ocrx_word' id='word_1_64' title='bbox 311 2829 387 2911; x_wconf 91' lang='lat' dir='ltr'><strong><em>bus,</em></strong></span> <span class='ocrx_word' id='word_1_65' title='bbox 414 2838 455 2897; x_wconf 95' lang='lat' dir='ltr'><strong><em>ut</em></strong></span> <span class='ocrx_word' id='word_1_66' title='bbox 484 2831 535 2897; x_wconf 89' lang='lat' dir='ltr'><strong><em>ita</em></strong></span> <span class='ocrx_word' id='word_1_67' title='bbox 562 2829 686 2910; x_wconf 84' lang='lat' dir='ltr'><strong><em>dicam,</em></strong></span> <span class='ocrx_word' id='word_1_68' title='bbox 713 2826 865 2897; x_wconf 86' lang='lat' dir='ltr'><strong><em>Pocseos</em></strong></span> <span class='ocrx_word' id='word_1_69' title='bbox 895 2825 1052 2921; x_wconf 83' lang='grc' dir='ltr'>πρόνοιαν</span> <span class='ocrx_word' id='word_1_70' title='bbox 1079 2827 1256 2915; x_wconf 88' lang='lat' dir='ltr'><strong><em>quandam</em></strong></span> 
     </span>
     <span class='ocr_line' id='line_1_10' title="bbox 209 2941 1258 3035; baseline -0.002 -23"><span class='ocrx_word' id='word_1_71' title='bbox 209 2944 345 3034; x_wconf 91' lang='lat' dir='ltr'><strong><em>sapiant</em></strong></span> <span class='ocrx_word' id='word_1_72' title='bbox 375 2943 561 3035; x_wconf 85' lang='lat' dir='ltr'><strong>plusquam</strong></span> <span class='ocrx_word' id='word_1_73' title='bbox 592 2943 789 3023; x_wconf 82' lang='lat' dir='ltr'><strong><em>mortalem,</em></strong></span> <span class='ocrx_word' id='word_1_74' title='bbox 817 2950 897 3011; x_wconf 90' lang='lat' dir='ltr'><strong><em>tum</em></strong></span> <span class='ocrx_word' id='word_1_75' title='bbox 926 2941 1120 3032; x_wconf 80' lang='lat' dir='ltr'><strong><em>prasertim</em></strong></span> <span class='ocrx_word' id='word_1_76' title='bbox 1148 2942 1258 3010; x_wconf 89' lang='lat' dir='ltr'><strong><em>serior</em></strong></span> 
     </span>
     <span class='ocr_line' id='line_1_11' title="bbox 209 3055 1256 3148; baseline -0.003 -19"><span class='ocrx_word' id='word_1_77' title='bbox 209 3058 279 3140; x_wconf 86' lang='lat' dir='ltr'><strong><em>illa,</em></strong></span> <span class='ocrx_word' id='word_1_78' title='bbox 294 3061 354 3129; x_wconf 91' lang='lat' dir='ltr'><strong><em>sed</em></strong></span> <span class='ocrx_word' id='word_1_79' title='bbox 372 3059 527 3129; x_wconf 88' lang='lat' dir='ltr'><strong><em>maxime</em></strong></span> <span class='ocrx_word' id='word_1_80' title='bbox 545 3067 664 3127; x_wconf 89' lang='lat' dir='ltr'><strong><em>temen</em></strong></span> <span class='ocrx_word' id='word_1_81' title='bbox 681 3059 894 3148; x_wconf 88' lang='lat' dir='ltr'><strong><em>tempestiva</em></strong></span> <span class='ocrx_word' id='word_1_82' title='bbox 907 3057 981 3148; x_wconf 84' lang='lat' dir='ltr'><strong><em>ejus</em></strong></span> <span class='ocrx_word' id='word_1_83' title='bbox 994 3056 1093 3146; x_wconf 82' lang='lat' dir='ltr'><strong><em>quasi</em></strong></span> <span class='ocrx_word' id='word_1_84' title='bbox 1110 3055 1256 3126; x_wconf 88' lang='lat' dir='ltr'><strong><em>familiae</em></strong></span> 
     </span>
     <span class='ocr_line' id='line_1_12' title="bbox 211 3171 1256 3266; baseline -0.004 -23"><span class='ocrx_word' id='word_1_85' title='bbox 211 3174 321 3266; x_wconf 87' lang='lat' dir='ltr'><strong><em>origo,</em></strong></span> <span class='ocrx_word' id='word_1_86' title='bbox 338 3196 415 3264; x_wconf 89' lang='lat' dir='ltr'><strong><em>quae</em></strong></span> <span class='ocrx_word' id='word_1_87' title='bbox 432 3196 606 3244; x_wconf 91' lang='lat' dir='ltr'><strong><em>summam</em></strong></span> <span class='ocrx_word' id='word_1_88' title='bbox 628 3195 769 3264; x_wconf 91' lang='lat' dir='ltr'><strong><em>operam</em></strong></span> <span class='ocrx_word' id='word_1_89' title='bbox 793 3173 876 3263; x_wconf 90' lang='lat' dir='ltr'><strong><em>poni</em></strong></span> <span class='ocrx_word' id='word_1_90' title='bbox 894 3171 1007 3241; x_wconf 92' lang='lat' dir='ltr'><strong><em>voluit</em></strong></span> <span class='ocrx_word' id='word_1_91' title='bbox 1032 3171 1069 3240; x_wconf 92' lang='lat' dir='ltr'><strong><em>in</em></strong></span> <span class='ocrx_word' id='word_1_92' title='bbox 1094 3193 1176 3240; x_wconf 88' lang='lat' dir='ltr'><strong><em>rure</em></strong></span> <span class='ocrx_word' id='word_1_93' title='bbox 1202 3193 1256 3239; x_wconf 86' lang='lat' dir='ltr'><strong><em>re·</em></strong></span> 
     </span>
     <span class='ocr_line' id='line_1_13' title="bbox 210 3288 1256 3379; baseline -0.002 -22"><span class='ocrx_word' id='word_1_94' title='bbox 210 3289 345 3379; x_wconf 88' lang='lat' dir='ltr'><strong><em>busque</em></strong></span> <span class='ocrx_word' id='word_1_95' title='bbox 367 3289 594 3358; x_wconf 82' lang='lat' dir='ltr'><strong><em>naturalibus</em></strong></span> <span class='ocrx_word' id='word_1_96' title='bbox 647 3288 741 3356; x_wconf 91' lang='lat' dir='ltr'><strong><em>Nam</em></strong></span> <span class='ocrx_word' id='word_1_97' title='bbox 760 3296 800 3357; x_wconf 89' lang='lat' dir='ltr'><strong><em>ut</em></strong></span> <span class='ocrx_word' id='word_1_98' title='bbox 820 3289 942 3378; x_wconf 90' lang='lat' dir='ltr'><strong><em>paucis</em></strong></span> <span class='ocrx_word' id='word_1_99' title='bbox 958 3309 1160 3377; x_wconf 80' lang='lat' dir='ltr'>percurram</span> <span class='ocrx_word' id='word_1_100' title='bbox 1177 3309 1256 3377; x_wconf 84' lang='lat' dir='ltr'><strong><em>quae</em></strong></span> 
     </span>
     <span class='ocr_line' id='line_1_14' title="bbox 210 3401 1256 3492; baseline -0.002 -22"><span class='ocrx_word' id='word_1_101' title='bbox 210 3402 382 3472; x_wconf 89' lang='lat' dir='ltr'><strong><em>hactenus</em></strong></span> <span class='ocrx_word' id='word_1_102' title='bbox 415 3411 497 3471; x_wconf 91' lang='lat' dir='ltr'><strong><em>sunt</em></strong></span> <span class='ocrx_word' id='word_1_103' title='bbox 532 3402 647 3470; x_wconf 89' lang='lat' dir='ltr'><strong><em>dicta:</em></strong></span> <span class='ocrx_word' id='word_1_104' title='bbox 690 3402 877 3471; x_wconf 84' lang='lat' dir='ltr'><strong><em>statuimus</em></strong></span> <span class='ocrx_word' id='word_1_105' title='bbox 908 3403 1022 3492; x_wconf 89' lang='lat' dir='ltr'><strong><em>primo</em></strong></span> <span class='ocrx_word' id='word_1_106' title='bbox 1056 3408 1136 3469; x_wconf 92' lang='lat' dir='ltr'><strong><em>tum</em></strong></span> <span class='ocrx_word' id='word_1_107' title='bbox 1171 3401 1256 3470; x_wconf 85' lang='lat' dir='ltr'><strong><em>arti·</em></strong></span> 
     </span>
     <span class='ocr_line' id='line_1_15' title="bbox 209 3515 1255 3607; baseline -0.003 -21"><span class='ocrx_word' id='word_1_108' title='bbox 209 3518 292 3586; x_wconf 86' lang='lat' dir='ltr'><strong><em>fices</em></strong></span> <span class='ocrx_word' id='word_1_109' title='bbox 310 3525 388 3586; x_wconf 91' lang='lat' dir='ltr'><strong><em>tum</em></strong></span> <span class='ocrx_word' id='word_1_110' title='bbox 407 3519 515 3585; x_wconf 84' lang='lat' dir='ltr'><strong><em>etiam</em></strong></span> <span class='ocrx_word' id='word_1_111' title='bbox 532 3517 686 3586; x_wconf 80' lang='lat' dir='ltr'><strong><em>fautores</em></strong></span> <span class='ocrx_word' id='word_1_112' title='bbox 704 3515 855 3584; x_wconf 89' lang='lat' dir='ltr'><strong><em>Poeseos</em></strong></span> <span class='ocrx_word' id='word_1_113' title='bbox 876 3515 1006 3607; x_wconf 81' lang='lat' dir='ltr'><strong><em>duplici</em></strong></span> <span class='ocrx_word' id='word_1_114' title='bbox 1030 3515 1255 3606; x_wconf 85' lang='lat' dir='ltr'><strong><em>potissimum</em></strong></span> 
     </span>
     <span class='ocr_line' id='line_1_16' title="bbox 208 3628 1255 3723; baseline -0.004 -21"><span class='ocrx_word' id='word_1_115' title='bbox 208 3631 416 3702; x_wconf 83' lang='lat' dir='ltr'><strong><em>discriminis</em></strong></span> <span class='ocrx_word' id='word_1_116' title='bbox 443 3640 528 3700; x_wconf 90' lang='lat' dir='ltr'><strong><em>nota</em></strong></span> <span class='ocrx_word' id='word_1_117' title='bbox 558 3633 651 3699; x_wconf 89' lang='lat' dir='ltr'><strong><em>inter</em></strong></span> <span class='ocrx_word' id='word_1_118' title='bbox 680 3653 717 3700; x_wconf 89' lang='lat' dir='ltr'><strong><em>se</em></strong></span> <span class='ocrx_word' id='word_1_119' title='bbox 747 3631 915 3723; x_wconf 86' lang='lat' dir='ltr'><strong><em>distingui</em></strong></span> <span class='ocrx_word' id='word_1_120' title='bbox 944 3652 1057 3722; x_wconf 88' lang='lat' dir='ltr'><strong><em>posse.</em></strong></span> <span class='ocrx_word' id='word_1_121' title='bbox 1110 3628 1255 3720; x_wconf 86' lang='lat' dir='ltr'><strong><em>Nempe</em></strong></span> 
     </span>
     <span class='ocr_line' id='line_1_17' title="bbox 209 3745 1255 3836; baseline -0.002 -20"><span class='ocrx_word' id='word_1_122' title='bbox 209 3748 266 3818; x_wconf 88' lang='lat' dir='ltr'><strong><em>vel</em></strong></span> <span class='ocrx_word' id='word_1_123' title='bbox 291 3747 439 3817; x_wconf 86' lang='lat' dir='ltr'><strong><em>mobiles</em></strong></span> <span class='ocrx_word' id='word_1_124' title='bbox 465 3746 645 3815; x_wconf 86' lang='lat' dir='ltr'><strong><em>habendos</em></strong></span> <span class='ocrx_word' id='word_1_125' title='bbox 662 3767 738 3816; x_wconf 87' lang='lat' dir='ltr'><strong><em>esse</em></strong></span> <span class='ocrx_word' id='word_1_126' title='bbox 757 3746 813 3815; x_wconf 88' lang='lat' dir='ltr'><strong><em>vel</em></strong></span> <span class='ocrx_word' id='word_1_127' title='bbox 831 3746 988 3836; x_wconf 91' lang='lat' dir='ltr'><strong><em>quiet0s;</em></strong></span> <span class='ocrx_word' id='word_1_128' title='bbox 1016 3745 1072 3815; x_wconf 86' lang='lat' dir='ltr'><strong><em>vel</em></strong></span> <span class='ocrx_word' id='word_1_129' title='bbox 1093 3746 1132 3814; x_wconf 91' lang='lat' dir='ltr'><strong><em>in</em></strong></span> <span class='ocrx_word' id='word_1_130' title='bbox 1152 3745 1255 3814; x_wconf 84' lang='lat' dir='ltr'><strong><em>factis</em></strong></span> 
     </span>
     <span class='ocr_line' id='line_1_18' title="bbox 208 3861 1253 3953; baseline -0.002 -22"><span class='ocrx_word' id='word_1_131' title='bbox 208 3864 428 3953; x_wconf 78' lang='lat' dir='ltr'><strong><em>fortunisque</em></strong></span> <span class='ocrx_word' id='word_1_132' title='bbox 444 3861 638 3942; x_wconf 86' lang='lat' dir='ltr'><strong><em>hominurn,</em></strong></span> <span class='ocrx_word' id='word_1_133' title='bbox 653 3861 708 3930; x_wconf 89' lang='lat' dir='ltr'><strong><em>vel</em></strong></span> <span class='ocrx_word' id='word_1_134' title='bbox 727 3862 763 3929; x_wconf 93' lang='lat' dir='ltr'><strong><em>in</em></strong></span> <span class='ocrx_word' id='word_1_135' title='bbox 781 3884 860 3931; x_wconf 90' lang='lat' dir='ltr'><strong><em>rure</em></strong></span> <span class='ocrx_word' id='word_1_136' title='bbox 879 3861 1007 3932; x_wconf 84' lang='lat' dir='ltr'><strong><em>versari</em></strong></span> <span class='ocrx_word' id='word_1_137' title='bbox 1025 3868 1064 3931; x_wconf 89' lang='lat' dir='ltr'><strong><em>et</em></strong></span> <span class='ocrx_word' id='word_1_138' title='bbox 1081 3862 1118 3930; x_wconf 94' lang='lat' dir='ltr'><strong><em>in</em></strong></span> <span class='ocrx_word' id='word_1_139' title='bbox 1135 3883 1253 3930; x_wconf 88' lang='lat' dir='ltr'><strong><em>rerum</em></strong></span> 
     </span>
     <span class='ocr_line' id='line_1_19' title="bbox 208 3976 1255 4068; baseline -0.002 -22"><span class='ocrx_word' id='word_1_140' title='bbox 208 3989 343 4047; x_wconf 88' lang='lat' dir='ltr'><strong><em>natura.</em></strong></span> <span class='ocrx_word' id='word_1_141' title='bbox 395 3976 451 4045; x_wconf 83' lang='lat' dir='ltr'><strong><em>Ex</em></strong></span> <span class='ocrx_word' id='word_1_142' title='bbox 470 3998 538 4066; x_wconf 93' lang='lat' dir='ltr'><strong><em>quo</em></strong></span> <span class='ocrx_word' id='word_1_143' title='bbox 557 3976 657 4058; x_wconf 87' lang='lat' dir='ltr'><strong><em>effici,</em></strong></span> <span class='ocrx_word' id='word_1_144' title='bbox 676 3985 717 4045; x_wconf 93' lang='lat' dir='ltr'><strong><em>ut</em></strong></span> <span class='ocrx_word' id='word_1_145' title='bbox 734 3978 771 4045; x_wconf 93' lang='lat' dir='ltr'><strong><em>in</em></strong></span> <span class='ocrx_word' id='word_1_146' title='bbox 792 3977 998 4046; x_wconf 85' lang='lat' dir='ltr'><strong><em>alterutram</em></strong></span> <span class='ocrx_word' id='word_1_147' title='bbox 1021 3984 1161 4068; x_wconf 86' lang='lat' dir='ltr'><strong><em>partem</em></strong></span> <span class='ocrx_word' id='word_1_148' title='bbox 1178 3998 1255 4046; x_wconf 85' lang='lat' dir='ltr'><strong><em>ver·</em></strong></span> 
     </span>
     <span class='ocr_line' id='line_1_20' title="bbox 207 4091 1253 4185; baseline -0.002 -23"><span class='ocrx_word' id='word_1_149' title='bbox 207 4101 269 4185; x_wconf 85' lang='lat' dir='ltr'><strong><em>gat</em></strong></span> <span class='ocrx_word' id='word_1_150' title='bbox 287 4093 441 4184; x_wconf 83' lang='lat' dir='ltr'><strong><em>quisquis</em></strong></span> <span class='ocrx_word' id='word_1_151' title='bbox 463 4091 620 4162; x_wconf 85' lang='lat' dir='ltr'><strong><em>Poeticae</em></strong></span> <span class='ocrx_word' id='word_1_152' title='bbox 644 4093 704 4162; x_wconf 92' lang='lat' dir='ltr'><strong><em>dat</em></strong></span> <span class='ocrx_word' id='word_1_153' title='bbox 730 4115 882 4184; x_wconf 89' lang='lat' dir='ltr'><strong><em>operam,</em></strong></span> <span class='ocrx_word' id='word_1_154' title='bbox 906 4100 1012 4183; x_wconf 90' lang='lat' dir='ltr'><strong><em>prout</em></strong></span> <span class='ocrx_word' id='word_1_155' title='bbox 1037 4094 1166 4183; x_wconf 88' lang='lat' dir='ltr'><strong><em>cuique</em></strong></span> <span class='ocrx_word' id='word_1_156' title='bbox 1191 4099 1253 4162; x_wconf 86' lang='lat' dir='ltr'><strong><em>aut</em></strong></span> 
     </span>
     <span class='ocr_line' id='line_1_21' title="bbox 126 4204 1252 4297; baseline -0.003 -22"><span class='ocrx_word' id='word_1_157' title='bbox 126 4207 129 4213; x_wconf 82' lang='grc'><em>’</em></span> <span class='ocrx_word' id='word_1_158' title='bbox 208 4204 353 4276; x_wconf 85' lang='lat' dir='ltr'><strong><em>alacrior</em></strong></span> <span class='ocrx_word' id='word_1_159' title='bbox 369 4214 431 4275; x_wconf 93' lang='lat' dir='ltr'><strong><em>aut</em></strong></span> <span class='ocrx_word' id='word_1_160' title='bbox 448 4205 668 4297; x_wconf 89' lang='lat' dir='ltr'><strong><em>tranquillior</em></strong></span> <span class='ocrx_word' id='word_1_161' title='bbox 690 4206 774 4276; x_wconf 87' lang='lat' dir='ltr'><strong><em>insit</em></strong></span> <span class='ocrx_word' id='word_1_162' title='bbox 797 4206 942 4276; x_wconf 91' lang='lat' dir='ltr'><strong><em>indoles.</em></strong></span> <span class='ocrx_word' id='word_1_163' title='bbox 996 4205 1146 4287; x_wconf 91' lang='lat' dir='ltr'><strong><em>Deinde,</em></strong></span> <span class='ocrx_word' id='word_1_164' title='bbox 1164 4205 1252 4275; x_wconf 88' lang='lat' dir='ltr'><strong><em>serie</em></strong></span> 
     </span>
    </p>
   </div>
   <div class='ocr_carea' id='block_1_4' title="bbox 0 0 1388 4876">
    <p class='ocr_par' dir='ltr' id='par_1_4' title="bbox 0 0 1388 4876">
     <span class='ocr_line' id='line_1_22' title="bbox 0 0 1388 4876; baseline 0 2"><span class='ocrx_word' id='word_1_165' title='bbox 0 0 1388 4876; x_wconf 95' lang='lat' dir='ltr'><strong><em> </em></strong></span> 
     </span>
    </p>
   </div>
  </div>
 </body>
</html>
