2768 4876
173 334 237 399 774
432 334 482 397 De
497 353 576 396 cccco
591 332 744 394 mmwriae
759 330 887 394 locorum
903 328 954 393 oi:
988 351 1084 392 rann.
1095 350 1229 392 xxxvur.

173 501 332 571 locorum
358 526 428 571 non
456 502 559 594 plane
585 504 788 595 ignotorum
817 503 969 584 nomina,
997 503 1227 571 remotiorum

172 627 293 687 tamen
330 641 351 686 a
386 618 459 688 solo
495 618 613 700 natali,
644 629 751 710 atque
786 642 807 688 a
840 621 1000 710 pueritiae
1036 617 1227 688 domicilio.

172 733 327 815 Etenim,
340 744 380 803 ut
395 734 499 827 vulgo
514 735 652 815 dicitur,
667 736 798 803 nemini
813 758 967 825 unquam
981 736 1120 822 viatori,
1134 756 1224 802 novo

171 850 405 940 proficiscenti
432 852 569 931 itinere,
588 875 632 920 ne
659 850 768 920 semel
787 852 929 941 quidem
948 852 1021 920 risa
1048 850 1128 919 loca
1150 853 1222 917 tam

171 967 313 1056 penitus
344 968 507 1036 excidere
536 990 580 1036 ex
608 968 736 1048 animo,
764 968 847 1056 quin
876 968 1000 1036 eadem
1026 967 1168 1044 revisat,
1195 963 1222 1031 si

172 1082 242 1151 fors
278 1084 329 1151 ita
360 1083 493 1164 tulerit,
521 1105 602 1150 cum
625 1083 780 1165 ¹obscura
811 1083 961 1173 quadam
993 1082 1139 1152 laetitia:
1175 1080 1221 1148 sic

171 1198 374 1280 videndum,
393 1222 437 1267 an
457 1198 594 1290 placeat
616 1197 824 1289 plerumque
847 1199 958 1290 magis
979 1197 1073 1289 apud
1092 1195 1221 1264 Poetas

151 1336 292 1382 ‘eorum
323 1315 480 1383 locorum
514 1316 658 1395 mentio,
682 1338 759 1405 quae
786 1337 902 1384 coram
932 1315 998 1406 ipsi
1033 1312 1221 1403 aliquando

170 1438 429 1516 conspexerunt
452 1428 574 1497 oculis.
627 1428 792 1520 Tangunt
810 1427 976 1497 videlicet
999 1427 1084 1495 talia
1102 1435 1140 1493 et
1161 1447 1220 1492 ex-

170 1543 281 1611 citant
299 1545 519 1627 memoriam,
535 1542 688 1612 debilem
707 1543 875 1635 quamvis,
892 1552 930 1612 et
947 1543 1092 1612 somniis
1110 1542 1219 1609 ferme
1260 1599 1264 1611 .

169 1659 387 1749 propiorem:
415 1684 485 1750 qno
503 1682 602 1729 more
619 1659 734 1729 solent
759 1660 936 1729 interdum
962 1659 1086 1727 musici
1113 1657 1218 1735 modi,

170 1775 279 1844 semel
298 1776 389 1844 forte
414 1799 454 1845 ac
481 1775 603 1868 procul
623 1776 744 1856 auditi,
763 1777 891 1845 deinde
909 1774 1013 1866 longo
1032 1785 1112 1865 post
1130 1783 1219 1842 tem-

169 1914 253 1981 pore
270 1893 306 1959 in
325 1914 426 1961 aures
444 1902 551 1983 atque
576 1893 611 1960 in
636 1893 793 1961 animum
811 1901 1050 1961 recurrentes:
1078 1913 1140 1958 seu
1159 1913 1218 1981 po-

169 2007 239 2077 tius
258 2010 352 2078 dicas
378 2032 498 2100 parem
522 2033 597 2079 esse
619 2033 770 2091 causam,
793 2033 833 2078 ac
851 2009 957 2100 siquis
977 2007 1116 2076 vultum
1143 2029 1219 2099 ges-

170 2133 316 2214 tumque
343 2124 490 2216 alicujus
516 2135 694 2219 agnoscat,
716 2125 837 2194 multis
864 2134 946 2193 ante
972 2125 1073 2193 annis
1091 2124 1216 2203 visum,

168 2238 243 2331 ipse
268 2264 370 2331 paene
398 2242 568 2311 nesciens.
620 2242 787 2333 Assurgit
812 2241 907 2309 illico
934 2263 1030 2308 coeca
1054 2239 1217 2330 quaedam

168 2353 311 2443 puerilis
342 2354 463 2434 aetatis,
493 2356 629 2445 patriae,
656 2354 828 2423 sodalium
856 2354 1073 2422 recordatio:
1107 2351 1217 2444 qualis

169 2467 310 2537 Platoni
329 2469 419 2538 ferre
434 2471 620 2539 videbatur
637 2471 871 2540 certissimum
885 2471 969 2539 vitae
988 2469 1111 2560 prioris
1129 2469 1217 2537 indi-

168 2587 272 2654 cinm.
326 2585 385 2654 Ex
404 2609 473 2676 quo
493 2587 652 2665 efficitur,
672 2597 712 2654 ut
733 2587 871 2655 illorum
892 2585 1050 2653 locorum
1067 2586 1216 2652 nomini-

166 2701 232 2769 bus
256 2701 458 2791 implicetnr
481 2702 608 2791 saepius
627 2703 779 2770 tenerior
797 2702 940 2792 quidam
958 2724 1074 2782 sonus,
1094 2702 1216 2768 animi-

167 2838 236 2905 que
254 2816 411 2906 paullum
430 2818 598 2885 commoti
620 2818 841 2909 significatio:
868 2816 965 2884 velut
991 2816 1052 2884 nbi
1079 2814 1215 2907 linguas

167 2942 203 2999 et
226 2955 328 3000 voces
356 2957 487 3013 eorum,
507 2934 717 3022 quibuscum
745 2934 836 3002 forte
863 2954 1040 3001 sermones
1065 2932 1215 3000 conseri·

165 3070 253 3128 mue,
277 3059 428 3116 tremore
451 3050 604 3137 quodam
631 3047 781 3116 leviculo
806 3048 896 3116 affici
924 3048 1106 3128 sentimus,
1134 3048 1214 3137 ipsis

165 3164 311 3231 fortasse
334 3164 420 3231 nihil
441 3164 511 3232 tale
529 3165 795 3254 suspicantibus.
850 3164 1038 3253 Specimen
1057 3162 1155 3230 dabit
1174 3184 1213 3230 ea

164 3302 243 3368 pars
271 3279 447 3359 AEneidos,
479 3304 548 3369 qua
579 3282 722 3348 nomina
757 3280 963 3369 numerique
995 3287 1032 3346 et
1063 3279 1213 3370 origines

165 3395 363 3463 referuntur
380 3394 611 3464 militantium
625 3391 651 3461 b.

306 3554 359 3610 Qui
373 3557 463 3617 saltus,
476 3556 608 3617 Tiberine,
621 3565 691 3618 tuos,
705 3574 861 3625 sacrumque
875 3556 982 3608 Numici
994 3534 997 3540 Ι

305 3641 392 3694 Littus
405 3650 488 3703 arant,
503 3641 669 3712 Rutulosque
682 3652 803 3695 exercent
816 3660 921 3695 vomere
934 3644 1021 3703 colles,

305 3727 489 3797 Circaeumque
498 3729 610 3797 jugum3
631 3729 704 3798 queis
717 3728 822 3796 Jupiter
834 3729 961 3781 Anxurus
976 3730 1045 3781 arvis

305 3813 439 3876 Praesidet‚
454 3823 478 3866 et
491 3814 568 3866 viridi
580 3814 699 3883 gaudens
713 3815 823 3867 Feronia
836 3816 914 3877 luco;

305 3899 366 3955 Qua
379 3899 481 3953 Saturae
491 3901 560 3969 jacet
572 3909 628 3952 atra
641 3903 725 3968 palus,
739 3900 895 3971 gelidusque
907 3920 954 3970 per
966 3903 1033 3954 imas

304 3985 407 4041 Quaerit
419 3987 468 4039 iter
480 3987 559 4039 valles
573 3995 650 4056 atque
663 3987 691 4038 in
704 4005 776 4040 mare
789 3987 912 4040 conditur
926 3987 1020 4041 Ufens.

163 4124 230 4192 His
261 4127 418 4215 profecto
446 4127 610 4196 describit
633 4126 805 4218 Virgilius
835 4129 1015 4219 regionem
1047 4130 1112 4197 sibi
1140 4152 1206 4196 non

579 4340 673 4393 iAE,
689 4353 712 4409 7·
728 4352 787 4409 7971
