<?xml version="1.0" encoding="UTF-8"?>
<!DOCTYPE html PUBLIC "-//W3C//DTD XHTML 1.0 Transitional//EN"
    "http://www.w3.org/TR/xhtml1/DTD/xhtml1-transitional.dtd">
<html xmlns="http://www.w3.org/1999/xhtml" xml:lang="en" lang="en">
 <head>
  <title>
</title>
<meta http-equiv="Content-Type" content="text/html;charset=utf-8" />
  <meta name='ocr-system' content='tesseract 3.04.00' />
  <meta name='ocr-capabilities' content='ocr_page ocr_carea ocr_par ocr_line ocrx_word'/>
</head>
<body>
  <div class='ocr_page' id='page_1' title='image "./depoeticaevimed00keblgoog_0361.png"; bbox 0 0 2768 4876; ppageno 0'>
   <div class='ocr_carea' id='block_1_1' title="bbox 165 302 1211 389">
    <p class='ocr_par' dir='ltr' id='par_1_1' title="bbox 165 302 1211 389">
     <span class='ocr_line' id='line_1_1' title="bbox 165 302 1211 389; baseline -0.008 -18"><span class='ocrx_word' id='word_1_1' title='bbox 165 302 228 371; x_wconf 76' lang='lat'>736</span> <span class='ocrx_word' id='word_1_2' title='bbox 351 302 476 389; x_wconf 71' lang='lat' dir='ltr'>Virgilii</span> <span class='ocrx_word' id='word_1_3' title='bbox 490 302 587 388; x_wconf 79' lang='lat' dir='ltr'>ipsius</span> <span class='ocrx_word' id='word_1_4' title='bbox 601 303 637 366; x_wconf 76' lang='lat' dir='ltr'>de</span> <span class='ocrx_word' id='word_1_5' title='bbox 652 302 789 366; x_wconf 55' lang='lat' dir='ltr'>amomo</span> <span class='ocrx_word' id='word_1_6' title='bbox 796 302 962 386; x_wconf 74' lang='lat' dir='ltr'>ybdicium.</span> <span class='ocrx_word' id='word_1_7' title='bbox 993 323 1089 365; x_wconf 62' lang='lat' dir='ltr'>eamr„</span> <span class='ocrx_word' id='word_1_8' title='bbox 1102 323 1211 364; x_wconf 82' lang='lat' dir='ltr'>xxxvi.</span> 
     </span>
    </p>
   </div>
   <div class='ocr_carea' id='block_1_2' title="bbox 304 469 1162 803">
    <p class='ocr_par' dir='ltr' id='par_1_2' title="bbox 304 469 1162 627">
     <span class='ocr_line' id='line_1_2' title="bbox 304 469 1162 545; baseline -0.006 -18"><span class='ocrx_word' id='word_1_9' title='bbox 304 475 448 545; x_wconf 81' lang='lat' dir='ltr'>Armaque,</span> <span class='ocrx_word' id='word_1_10' title='bbox 460 472 680 543; x_wconf 71' lang='lat' dir='ltr'>Amyclaeumque</span> <span class='ocrx_word' id='word_1_11' title='bbox 692 487 794 533; x_wconf 86' lang='lat' dir='ltr'>canem,</span> <span class='ocrx_word' id='word_1_12' title='bbox 807 469 982 540; x_wconf 76' lang='lat' dir='ltr'>Cressamque</span> <span class='ocrx_word' id='word_1_13' title='bbox 994 469 1162 540; x_wconf 81' lang='lat' dir='ltr'>pharetram:</span> 
     </span>
     <span class='ocr_line' id='line_1_3' title="bbox 305 556 958 627; baseline -0.006 -14"><span class='ocrx_word' id='word_1_14' title='bbox 305 559 369 614; x_wconf 91' lang='lat' dir='ltr'>Non</span> <span class='ocrx_word' id='word_1_15' title='bbox 382 576 458 612; x_wconf 89' lang='lat' dir='ltr'>secus</span> <span class='ocrx_word' id='word_1_16' title='bbox 470 575 501 611; x_wconf 85' lang='lat' dir='ltr'>ac</span> <span class='ocrx_word' id='word_1_17' title='bbox 513 557 603 627; x_wconf 90' lang='lat' dir='ltr'>patriis</span> <span class='ocrx_word' id='word_1_18' title='bbox 616 574 676 611; x_wconf 85' lang='lat' dir='ltr'>acer</span> <span class='ocrx_word' id='word_1_19' title='bbox 689 556 825 610; x_wconf 87' lang='lat' dir='ltr'>Romanus</span> <span class='ocrx_word' id='word_1_20' title='bbox 837 557 866 609; x_wconf 91' lang='lat' dir='ltr'>in</span> <span class='ocrx_word' id='word_1_21' title='bbox 878 556 958 610; x_wconf 90' lang='lat' dir='ltr'>armis</span> 
     </span>
    </p>

    <p class='ocr_par' dir='ltr' id='par_1_3' title="bbox 306 643 961 719">
     <span class='ocr_line' id='line_1_4' title="bbox 306 643 961 719; baseline -0.011 -17"><span class='ocrx_word' id='word_1_22' title='bbox 306 648 411 719; x_wconf 87' lang='lat' dir='ltr'>lnjusto</span> <span class='ocrx_word' id='word_1_23' title='bbox 423 646 474 700; x_wconf 86' lang='lat' dir='ltr'>sub</span> <span class='ocrx_word' id='word_1_24' title='bbox 486 645 557 699; x_wconf 88' lang='lat' dir='ltr'>fasce</span> <span class='ocrx_word' id='word_1_25' title='bbox 568 645 638 698; x_wconf 85' lang='lat' dir='ltr'>viem</span> <span class='ocrx_word' id='word_1_26' title='bbox 652 662 735 714; x_wconf 92' lang='lat' dir='ltr'>quum</span> <span class='ocrx_word' id='word_1_27' title='bbox 748 643 840 713; x_wconf 84' lang='lat' dir='ltr'>carpit,</span> <span class='ocrx_word' id='word_1_28' title='bbox 852 652 879 696; x_wconf 91' lang='lat' dir='ltr'>et</span> <span class='ocrx_word' id='word_1_29' title='bbox 890 643 961 696; x_wconf 86' lang='lat' dir='ltr'>hosti</span> 
     </span>
    </p>

    <p class='ocr_par' dir='ltr' id='par_1_4' title="bbox 308 728 997 803">
     <span class='ocr_line' id='line_1_5' title="bbox 308 728 997 803; baseline -0.009 -16"><span class='ocrx_word' id='word_1_30' title='bbox 308 734 377 787; x_wconf 75' lang='lat' dir='ltr'>Ante</span> <span class='ocrx_word' id='word_1_31' title='bbox 388 740 554 803; x_wconf 84' lang='lat' dir='ltr'>expectatum</span> <span class='ocrx_word' id='word_1_32' title='bbox 567 730 661 801; x_wconf 87' lang='lat' dir='ltr'>positis</span> <span class='ocrx_word' id='word_1_33' title='bbox 674 739 726 784; x_wconf 84' lang='lat' dir='ltr'>stat</span> <span class='ocrx_word' id='word_1_34' title='bbox 738 730 766 783; x_wconf 94' lang='lat' dir='ltr'>in</span> <span class='ocrx_word' id='word_1_35' title='bbox 779 728 884 800; x_wconf 81' lang='lat' dir='ltr'>agmine</span> <span class='ocrx_word' id='word_1_36' title='bbox 896 729 997 782; x_wconf 89' lang='lat' dir='ltr'>castris.</span> 
     </span>
    </p>
   </div>
   <div class='ocr_carea' id='block_1_3' title="bbox 163 844 1220 4389">
    <p class='ocr_par' dir='ltr' id='par_1_5' title="bbox 164 844 1210 1284">
     <span class='ocr_line' id='line_1_6' title="bbox 164 844 1210 938; baseline -0.006 -22"><span class='ocrx_word' id='word_1_37' title='bbox 164 847 258 930; x_wconf 88' lang='lat' dir='ltr'>Jam‚</span> <span class='ocrx_word' id='word_1_38' title='bbox 277 870 347 937; x_wconf 92' lang='lat' dir='ltr'>quo</span> <span class='ocrx_word' id='word_1_39' title='bbox 368 847 480 938; x_wconf 88' lang='lat' dir='ltr'>magis</span> <span class='ocrx_word' id='word_1_40' title='bbox 497 866 579 914; x_wconf 91' lang='lat' dir='ltr'>eum</span> <span class='ocrx_word' id='word_1_41' title='bbox 599 844 757 935; x_wconf 90' lang='lat' dir='ltr'>juverint</span> <span class='ocrx_word' id='word_1_42' title='bbox 783 865 924 912; x_wconf 90' lang='lat' dir='ltr'>suorum</span> <span class='ocrx_word' id='word_1_43' title='bbox 951 851 1092 934; x_wconf 89' lang='lat' dir='ltr'>tropaea,</span> <span class='ocrx_word' id='word_1_44' title='bbox 1112 851 1210 912; x_wconf 90' lang='lat' dir='ltr'>tanto</span> 
     </span>
     <span class='ocr_line' id='line_1_7' title="bbox 164 958 1210 1054; baseline -0.004 -24"><span class='ocrx_word' id='word_1_45' title='bbox 164 963 355 1054; x_wconf 90' lang='lat' dir='ltr'>impensius</span> <span class='ocrx_word' id='word_1_46' title='bbox 375 983 518 1031; x_wconf 88' lang='lat' dir='ltr'>necesse</span> <span class='ocrx_word' id='word_1_47' title='bbox 539 969 594 1029; x_wconf 86' lang='lat' dir='ltr'>est</span> <span class='ocrx_word' id='word_1_48' title='bbox 620 960 730 1050; x_wconf 85' lang='lat' dir='ltr'>ipsam</span> <span class='ocrx_word' id='word_1_49' title='bbox 758 959 871 1028; x_wconf 91' lang='lat' dir='ltr'>oderit</span> <span class='ocrx_word' id='word_1_50' title='bbox 894 958 1077 1028; x_wconf 89' lang='lat' dir='ltr'>militiam:</span> <span class='ocrx_word' id='word_1_51' title='bbox 1107 981 1210 1049; x_wconf 90' lang='lat' dir='ltr'>quam</span> 
     </span>
     <span class='ocr_line' id='line_1_8' title="bbox 164 1074 1209 1170; baseline -0.004 -23"><span class='ocrx_word' id='word_1_52' title='bbox 164 1101 209 1147; x_wconf 92' lang='lat' dir='ltr'>ne</span> <span class='ocrx_word' id='word_1_53' title='bbox 227 1080 444 1170; x_wconf 80' lang='lat' dir='ltr'>deprecetur,</span> <span class='ocrx_word' id='word_1_54' title='bbox 462 1099 507 1146; x_wconf 92' lang='lat' dir='ltr'>ne</span> <span class='ocrx_word' id='word_1_55' title='bbox 525 1077 632 1167; x_wconf 86' lang='lat' dir='ltr'>ipsius</span> <span class='ocrx_word' id='word_1_56' title='bbox 650 1075 792 1166; x_wconf 90' lang='lat' dir='ltr'>quidem</span> <span class='ocrx_word' id='word_1_57' title='bbox 819 1075 939 1165; x_wconf 79' lang='lat' dir='ltr'>patriae</span> <span class='ocrx_word' id='word_1_58' title='bbox 963 1074 1075 1167; x_wconf 84' lang='lat' dir='ltr'>gloria</span> <span class='ocrx_word' id='word_1_59' title='bbox 1099 1077 1209 1144; x_wconf 88' lang='lat' dir='ltr'>teneri</span> 
     </span>
     <span class='ocr_line' id='line_1_9' title="bbox 164 1202 291 1284; baseline 0 -25"><span class='ocrx_word' id='word_1_60' title='bbox 164 1202 291 1284; x_wconf 89' lang='lat' dir='ltr'>potest.</span> 
     </span>
    </p>

    <p class='ocr_par' dir='ltr' id='par_1_6' title="bbox 164 1306 1220 3244">
     <span class='ocr_line' id='line_1_10' title="bbox 215 1306 1210 1399; baseline 0.001 -24"><span class='ocrx_word' id='word_1_61' title='bbox 215 1306 273 1376; x_wconf 87' lang='lat' dir='ltr'>Ad</span> <span class='ocrx_word' id='word_1_62' title='bbox 294 1331 480 1388; x_wconf 89' lang='lat' dir='ltr'>summam,</span> <span class='ocrx_word' id='word_1_63' title='bbox 499 1306 716 1388; x_wconf 80' lang='lat' dir='ltr'>Academici,</span> <span class='ocrx_word' id='word_1_64' title='bbox 730 1306 902 1399; x_wconf 85' lang='lat' dir='ltr'>Virgilius</span> <span class='ocrx_word' id='word_1_65' title='bbox 919 1315 1050 1388; x_wconf 88' lang='lat' dir='ltr'>noster,</span> <span class='ocrx_word' id='word_1_66' title='bbox 1068 1307 1097 1375; x_wconf 87' lang='lat' dir='ltr'>si</span> <span class='ocrx_word' id='word_1_67' title='bbox 1116 1317 1210 1376; x_wconf 89' lang='lat' dir='ltr'>recte</span> 
     </span>
     <span class='ocr_line' id='line_1_11' title="bbox 165 1420 1211 1513; baseline -0.002 -23"><span class='ocrx_word' id='word_1_68' title='bbox 165 1443 247 1490; x_wconf 92' lang='lat' dir='ltr'>eum</span> <span class='ocrx_word' id='word_1_69' title='bbox 273 1420 383 1513; x_wconf 88' lang='lat' dir='ltr'>capio,</span> <span class='ocrx_word' id='word_1_70' title='bbox 402 1421 446 1490; x_wconf 92' lang='lat' dir='ltr'>de</span> <span class='ocrx_word' id='word_1_71' title='bbox 466 1421 576 1512; x_wconf 87' lang='lat' dir='ltr'>Epico</span> <span class='ocrx_word' id='word_1_72' title='bbox 602 1420 663 1489; x_wconf 91' lang='lat' dir='ltr'>illo</span> <span class='ocrx_word' id='word_1_73' title='bbox 690 1444 730 1490; x_wconf 90' lang='lat' dir='ltr'>ac</span> <span class='ocrx_word' id='word_1_74' title='bbox 757 1421 906 1512; x_wconf 89' lang='lat' dir='ltr'>superbo</span> <span class='ocrx_word' id='word_1_75' title='bbox 929 1421 1039 1513; x_wconf 90' lang='lat' dir='ltr'>gradu</span> <span class='ocrx_word' id='word_1_76' title='bbox 1061 1421 1211 1489; x_wconf 85' lang='lat' dir='ltr'>decedet</span> 
     </span>
     <span class='ocr_line' id='line_1_12' title="bbox 165 1535 1209 1628; baseline -0.002 -23"><span class='ocrx_word' id='word_1_77' title='bbox 165 1537 282 1605; x_wconf 91' lang='lat' dir='ltr'>animo</span> <span class='ocrx_word' id='word_1_78' title='bbox 300 1560 370 1605; x_wconf 91' lang='lat' dir='ltr'>non</span> <span class='ocrx_word' id='word_1_79' title='bbox 389 1537 520 1627; x_wconf 89' lang='lat' dir='ltr'>iniquo,</span> <span class='ocrx_word' id='word_1_80' title='bbox 538 1537 647 1604; x_wconf 92' lang='lat' dir='ltr'>immo</span> <span class='ocrx_word' id='word_1_81' title='bbox 666 1538 774 1605; x_wconf 88' lang='lat' dir='ltr'>etiam</span> <span class='ocrx_word' id='word_1_82' title='bbox 790 1535 959 1628; x_wconf 91' lang='lat' dir='ltr'>gaudenti</span> <span class='ocrx_word' id='word_1_83' title='bbox 984 1558 1025 1604; x_wconf 88' lang='lat' dir='ltr'>ac</span> <span class='ocrx_word' id='word_1_84' title='bbox 1051 1535 1209 1605; x_wconf 89' lang='lat' dir='ltr'>lubenti:</span> 
     </span>
     <span class='ocr_line' id='line_1_13' title="bbox 164 1648 1210 1744; baseline -0.003 -23"><span class='ocrx_word' id='word_1_85' title='bbox 164 1654 224 1742; x_wconf 92' lang='lat' dir='ltr'>qui</span> <span class='ocrx_word' id='word_1_86' title='bbox 242 1654 412 1744; x_wconf 86' lang='lat' dir='ltr'>principio</span> <span class='ocrx_word' id='word_1_87' title='bbox 438 1653 617 1721; x_wconf 91' lang='lat' dir='ltr'>neminem</span> <span class='ocrx_word' id='word_1_88' title='bbox 635 1674 768 1733; x_wconf 90' lang='lat' dir='ltr'>eornm,</span> <span class='ocrx_word' id='word_1_89' title='bbox 787 1651 844 1741; x_wconf 92' lang='lat' dir='ltr'>qui</span> <span class='ocrx_word' id='word_1_90' title='bbox 863 1648 956 1741; x_wconf 89' lang='lat' dir='ltr'>apud</span> <span class='ocrx_word' id='word_1_91' title='bbox 973 1672 1055 1718; x_wconf 90' lang='lat' dir='ltr'>eum</span> <span class='ocrx_word' id='word_1_92' title='bbox 1082 1651 1210 1741; x_wconf 89' lang='lat' dir='ltr'>primas</span> 
     </span>
     <span class='ocr_line' id='line_1_14' title="bbox 164 1765 1210 1859; baseline -0.002 -23"><span class='ocrx_word' id='word_1_93' title='bbox 164 1776 301 1851; x_wconf 91' lang='lat' dir='ltr'>tenent,</span> <span class='ocrx_word' id='word_1_94' title='bbox 318 1791 447 1859; x_wconf 89' lang='lat' dir='ltr'>magna</span> <span class='ocrx_word' id='word_1_95' title='bbox 468 1790 548 1837; x_wconf 91' lang='lat' dir='ltr'>cum</span> <span class='ocrx_word' id='word_1_96' title='bbox 568 1767 751 1836; x_wconf 87' lang='lat' dir='ltr'>voluntate</span> <span class='ocrx_word' id='word_1_97' title='bbox 769 1765 1014 1845; x_wconf 83' lang='lat' dir='ltr'>efformaverit,</span> <span class='ocrx_word' id='word_1_98' title='bbox 1031 1788 1077 1833; x_wconf 93' lang='lat' dir='ltr'>ne</span> <span class='ocrx_word' id='word_1_99' title='bbox 1095 1766 1210 1857; x_wconf 91' lang='lat' dir='ltr'>ipsum</span> 
     </span>
     <span class='ocr_line' id='line_1_15' title="bbox 164 1881 1211 1974; baseline -0.003 -22"><span class='ocrx_word' id='word_1_100' title='bbox 164 1885 307 1974; x_wconf 90' lang='lat' dir='ltr'>quidem</span> <span class='ocrx_word' id='word_1_101' title='bbox 325 1881 498 1952; x_wconf 89' lang='lat' dir='ltr'>AEneam:</span> <span class='ocrx_word' id='word_1_102' title='bbox 526 1883 653 1952; x_wconf 90' lang='lat' dir='ltr'>deinde</span> <span class='ocrx_word' id='word_1_103' title='bbox 671 1884 721 1951; x_wconf 91' lang='lat' dir='ltr'>ita</span> <span class='ocrx_word' id='word_1_104' title='bbox 737 1904 792 1951; x_wconf 89' lang='lat' dir='ltr'>res</span> <span class='ocrx_word' id='word_1_105' title='bbox 812 1890 929 1974; x_wconf 86' lang='lat' dir='ltr'>gestas</span> <span class='ocrx_word' id='word_1_106' title='bbox 950 1882 1152 1963; x_wconf 86' lang='lat' dir='ltr'>narraverit,</span> <span class='ocrx_word' id='word_1_107' title='bbox 1170 1890 1211 1950; x_wconf 92' lang='lat' dir='ltr'>ut</span> 
     </span>
     <span class='ocr_line' id='line_1_16' title="bbox 164 1997 1209 2090; baseline -0.002 -23"><span class='ocrx_word' id='word_1_108' title='bbox 164 2001 224 2090; x_wconf 91' lang='lat' dir='ltr'>qui</span> <span class='ocrx_word' id='word_1_109' title='bbox 250 1999 406 2068; x_wconf 85' lang='lat' dir='ltr'>maxime</span> <span class='ocrx_word' id='word_1_110' title='bbox 423 2009 608 2090; x_wconf 91' lang='lat' dir='ltr'>caperetur</span> <span class='ocrx_word' id='word_1_111' title='bbox 630 1999 799 2067; x_wconf 90' lang='lat' dir='ltr'>memoria</span> <span class='ocrx_word' id='word_1_112' title='bbox 823 1997 979 2066; x_wconf 85' lang='lat' dir='ltr'>locorum</span> <span class='ocrx_word' id='word_1_113' title='bbox 998 2019 1038 2065; x_wconf 91' lang='lat' dir='ltr'>ac</span> <span class='ocrx_word' id='word_1_114' title='bbox 1058 1997 1209 2065; x_wconf 88' lang='lat' dir='ltr'>Naturae</span> 
     </span>
     <span class='ocr_line' id='line_1_17' title="bbox 164 2112 1210 2205; baseline -0.005 -22"><span class='ocrx_word' id='word_1_115' title='bbox 164 2114 318 2184; x_wconf 90' lang='lat' dir='ltr'>deliciis:</span> <span class='ocrx_word' id='word_1_116' title='bbox 347 2125 523 2205; x_wconf 90' lang='lat' dir='ltr'>postremo</span> <span class='ocrx_word' id='word_1_117' title='bbox 542 2136 578 2183; x_wconf 90' lang='lat' dir='ltr'>se</span> <span class='ocrx_word' id='word_1_118' title='bbox 596 2113 682 2181; x_wconf 89' lang='lat' dir='ltr'>nihil</span> <span class='ocrx_word' id='word_1_119' title='bbox 702 2114 820 2182; x_wconf 89' lang='lat' dir='ltr'>videre</span> <span class='ocrx_word' id='word_1_120' title='bbox 838 2113 1041 2205; x_wconf 88' lang='lat' dir='ltr'>significarit</span> <span class='ocrx_word' id='word_1_121' title='bbox 1059 2113 1096 2181; x_wconf 91' lang='lat' dir='ltr'>in</span> <span class='ocrx_word' id='word_1_122' title='bbox 1115 2112 1210 2180; x_wconf 91' lang='lat' dir='ltr'>omni</span> 
     </span>
     <span class='ocr_line' id='line_1_18' title="bbox 165 2227 1210 2321; baseline -0.001 -24"><span class='ocrx_word' id='word_1_123' title='bbox 165 2229 225 2297; x_wconf 96' lang='lat' dir='ltr'>illo</span> <span class='ocrx_word' id='word_1_124' title='bbox 249 2230 432 2321; x_wconf 87' lang='lat' dir='ltr'>negotioso</span> <span class='ocrx_word' id='word_1_125' title='bbox 457 2251 598 2321; x_wconf 83' lang='lat' dir='ltr'>genere,</span> <span class='ocrx_word' id='word_1_126' title='bbox 615 2230 811 2320; x_wconf 82' lang='lat' dir='ltr'>praesertim</span> <span class='ocrx_word' id='word_1_127' title='bbox 839 2227 976 2310; x_wconf 90' lang='lat' dir='ltr'>bellico,</span> <span class='ocrx_word' id='word_1_128' title='bbox 994 2251 1111 2318; x_wconf 90' lang='lat' dir='ltr'>neque</span> <span class='ocrx_word' id='word_1_129' title='bbox 1137 2229 1210 2296; x_wconf 91' lang='lat' dir='ltr'>sine</span> 
     </span>
     <span class='ocr_line' id='line_1_19' title="bbox 164 2342 1211 2433; baseline 0 -21"><span class='ocrx_word' id='word_1_130' title='bbox 164 2366 303 2413; x_wconf 92' lang='lat' dir='ltr'>summo</span> <span class='ocrx_word' id='word_1_131' title='bbox 333 2344 473 2412; x_wconf 86' lang='lat' dir='ltr'>fastidio</span> <span class='ocrx_word' id='word_1_132' title='bbox 503 2344 551 2412; x_wconf 91' lang='lat' dir='ltr'>ibi</span> <span class='ocrx_word' id='word_1_133' title='bbox 584 2345 722 2413; x_wconf 88' lang='lat' dir='ltr'>versari.</span> <span class='ocrx_word' id='word_1_134' title='bbox 775 2342 828 2414; x_wconf 88' lang='lat' dir='ltr'>Ut</span> <span class='ocrx_word' id='word_1_135' title='bbox 859 2344 943 2412; x_wconf 91' lang='lat' dir='ltr'>mihi</span> <span class='ocrx_word' id='word_1_136' title='bbox 970 2344 1113 2433; x_wconf 90' lang='lat' dir='ltr'>quidem</span> <span class='ocrx_word' id='word_1_137' title='bbox 1147 2345 1211 2412; x_wconf 93' lang='lat' dir='ltr'>mi-</span> 
     </span>
     <span class='ocr_line' id='line_1_20' title="bbox 164 2457 1210 2550; baseline -0.001 -23"><span class='ocrx_word' id='word_1_138' title='bbox 164 2461 259 2528; x_wconf 90' lang='lat' dir='ltr'>nime</span> <span class='ocrx_word' id='word_1_139' title='bbox 294 2461 339 2528; x_wconf 92' lang='lat' dir='ltr'>sit</span> <span class='ocrx_word' id='word_1_140' title='bbox 374 2459 590 2540; x_wconf 90' lang='lat' dir='ltr'>incredibile,</span> <span class='ocrx_word' id='word_1_141' title='bbox 621 2459 714 2549; x_wconf 88' lang='lat' dir='ltr'>quod</span> <span class='ocrx_word' id='word_1_142' title='bbox 749 2458 936 2550; x_wconf 82' lang='lat' dir='ltr'>perhibent</span> <span class='ocrx_word' id='word_1_143' title='bbox 966 2457 1210 2540; x_wconf 83' lang='lat' dir='ltr'>Grammatici,</span> 
     </span>
     <span class='ocr_line' id='line_1_21' title="bbox 166 2570 1212 2665; baseline -0.001 -22"><span class='ocrx_word' id='word_1_144' title='bbox 166 2573 353 2643; x_wconf 90' lang='lat' dir='ltr'>Maronem</span> <span class='ocrx_word' id='word_1_145' title='bbox 373 2575 582 2643; x_wconf 85' lang='lat' dir='ltr'>moriturum</span> <span class='ocrx_word' id='word_1_146' title='bbox 600 2583 815 2643; x_wconf 90' lang='lat' dir='ltr'>testamento</span> <span class='ocrx_word' id='word_1_147' title='bbox 834 2570 980 2643; x_wconf 89' lang='lat' dir='ltr'>cremari</span> <span class='ocrx_word' id='word_1_148' title='bbox 992 2575 1139 2665; x_wconf 88' lang='lat' dir='ltr'>jussisse</span> <span class='ocrx_word' id='word_1_149' title='bbox 1152 2575 1212 2642; x_wconf 81' lang='lat' dir='ltr'>AE-</span> 
     </span>
     <span class='ocr_line' id='line_1_22' title="bbox 164 2687 1211 2784; baseline 0.001 -27"><span class='ocrx_word' id='word_1_150' title='bbox 164 2690 286 2758; x_wconf 89' lang='lat' dir='ltr'>neida:</span> <span class='ocrx_word' id='word_1_151' title='bbox 313 2713 384 2756; x_wconf 90' lang='lat' dir='ltr'>non</span> <span class='ocrx_word' id='word_1_152' title='bbox 403 2689 515 2758; x_wconf 88' lang='lat' dir='ltr'>solum</span> <span class='ocrx_word' id='word_1_153' title='bbox 536 2690 643 2784; x_wconf 87' lang='lat' dir='ltr'>(quod</span> <span class='ocrx_word' id='word_1_154' title='bbox 663 2687 732 2758; x_wconf 89' lang='lat' dir='ltr'>illis</span> <span class='ocrx_word' id='word_1_155' title='bbox 750 2690 948 2781; x_wconf 86' lang='lat' dir='ltr'>videbatur)</span> <span class='ocrx_word' id='word_1_156' title='bbox 964 2690 1046 2780; x_wconf 92' lang='lat' dir='ltr'>quia</span> <span class='ocrx_word' id='word_1_157' title='bbox 1064 2713 1118 2758; x_wconf 86' lang='lat' dir='ltr'>res</span> <span class='ocrx_word' id='word_1_158' title='bbox 1138 2701 1211 2759; x_wconf 89' lang='lat' dir='ltr'>erat</span> 
     </span>
     <span class='ocr_line' id='line_1_23' title="bbox 164 2804 1214 2897; baseline 0.003 -25"><span class='ocrx_word' id='word_1_159' title='bbox 164 2804 380 2895; x_wconf 87' lang='lat' dir='ltr'>imperfecta,</span> <span class='ocrx_word' id='word_1_160' title='bbox 415 2806 475 2872; x_wconf 88' lang='lat' dir='ltr'>sed</span> <span class='ocrx_word' id='word_1_161' title='bbox 512 2804 626 2873; x_wconf 89' lang='lat' dir='ltr'>multo</span> <span class='ocrx_word' id='word_1_162' title='bbox 656 2805 768 2897; x_wconf 90' lang='lat' dir='ltr'>magis</span> <span class='ocrx_word' id='word_1_163' title='bbox 798 2806 962 2873; x_wconf 85' lang='lat' dir='ltr'>satiet-ate</span> <span class='ocrx_word' id='word_1_164' title='bbox 987 2805 1140 2894; x_wconf 88' lang='lat' dir='ltr'>quadam</span> <span class='ocrx_word' id='word_1_165' title='bbox 1172 2830 1214 2875; x_wconf 93' lang='lat' dir='ltr'>ac</span> 
     </span>
     <span class='ocr_line' id='line_1_24' title="bbox 164 2919 1220 3013; baseline 0.002 -23"><span class='ocrx_word' id='word_1_166' title='bbox 164 2923 272 2992; x_wconf 88' lang='lat' dir='ltr'>taedio</span> <span class='ocrx_word' id='word_1_167' title='bbox 307 2921 433 3013; x_wconf 80' lang='lat' dir='ltr'>ingrati</span> <span class='ocrx_word' id='word_1_168' title='bbox 470 2922 593 3011; x_wconf 90' lang='lat' dir='ltr'>operis,</span> <span class='ocrx_word' id='word_1_169' title='bbox 629 2921 722 3010; x_wconf 92' lang='lat' dir='ltr'>quod</span> <span class='ocrx_word' id='word_1_170' title='bbox 757 2931 793 2988; x_wconf 91' lang='lat' dir='ltr'>et</span> <span class='ocrx_word' id='word_1_171' title='bbox 828 2921 939 2988; x_wconf 89' lang='lat' dir='ltr'>invita</span> <span class='ocrx_word' id='word_1_172' title='bbox 974 2919 1143 2990; x_wconf 90' lang='lat' dir='ltr'>Minerva</span> <span class='ocrx_word' id='word_1_173' title='bbox 1176 2946 1220 2992; x_wconf 84' lang='lat' dir='ltr'>se</span> 
     </span>
     <span class='ocr_line' id='line_1_25' title="bbox 164 3035 1220 3127; baseline 0.001 -23"><span class='ocrx_word' id='word_1_174' title='bbox 164 3036 356 3126; x_wconf 85' lang='lat' dir='ltr'>suscepisse</span> <span class='ocrx_word' id='word_1_175' title='bbox 374 3035 605 3127; x_wconf 85' lang='lat' dir='ltr'>intelligebat,</span> <span class='ocrx_word' id='word_1_176' title='bbox 620 3045 656 3102; x_wconf 92' lang='lat' dir='ltr'>et</span> <span class='ocrx_word' id='word_1_177' title='bbox 674 3036 819 3103; x_wconf 91' lang='lat' dir='ltr'>minime</span> <span class='ocrx_word' id='word_1_178' title='bbox 837 3036 879 3103; x_wconf 90' lang='lat' dir='ltr'>ad</span> <span class='ocrx_word' id='word_1_179' title='bbox 899 3035 1094 3117; x_wconf 91' lang='lat' dir='ltr'>modulum,</span> <span class='ocrx_word' id='word_1_180' title='bbox 1106 3060 1220 3126; x_wconf 89' lang='lat' dir='ltr'>quem</span> 
     </span>
     <span class='ocr_line' id='line_1_26' title="bbox 164 3151 627 3244; baseline -0.002 -25"><span class='ocrx_word' id='word_1_181' title='bbox 164 3153 258 3219; x_wconf 89' lang='lat' dir='ltr'>intus</span> <span class='ocrx_word' id='word_1_182' title='bbox 277 3151 440 3232; x_wconf 89' lang='lat' dir='ltr'>habebat,</span> <span class='ocrx_word' id='word_1_183' title='bbox 459 3153 627 3244; x_wconf 86' lang='lat' dir='ltr'>exegisse.</span> 
     </span>
    </p>

    <p class='ocr_par' dir='ltr' id='par_1_7' title="bbox 163 3266 1213 4044">
     <span class='ocr_line' id='line_1_27' title="bbox 221 3266 1213 3358; baseline -0.001 -23"><span class='ocrx_word' id='word_1_184' title='bbox 221 3266 303 3335; x_wconf 89' lang='lat' dir='ltr'>Jam</span> <span class='ocrx_word' id='word_1_185' title='bbox 335 3277 454 3335; x_wconf 88' lang='lat' dir='ltr'>autem</span> <span class='ocrx_word' id='word_1_186' title='bbox 486 3277 587 3358; x_wconf 86' lang='lat' dir='ltr'>roget</span> <span class='ocrx_word' id='word_1_187' title='bbox 617 3266 752 3355; x_wconf 80' lang='lat' dir='ltr'>aliquia,</span> <span class='ocrx_word' id='word_1_188' title='bbox 784 3289 895 3356; x_wconf 92' lang='lat' dir='ltr'>ecquo</span> <span class='ocrx_word' id='word_1_189' title='bbox 928 3268 1075 3334; x_wconf 89' lang='lat' dir='ltr'>tandem</span> <span class='ocrx_word' id='word_1_190' title='bbox 1106 3269 1213 3336; x_wconf 92' lang='lat' dir='ltr'>modo</span> 
     </span>
     <span class='ocr_line' id='line_1_28' title="bbox 164 3378 1209 3471; baseline 0 -23"><span class='ocrx_word' id='word_1_191' title='bbox 164 3381 237 3448; x_wconf 85' lang='lat' dir='ltr'>fieri</span> <span class='ocrx_word' id='word_1_192' title='bbox 265 3382 429 3471; x_wconf 89' lang='lat' dir='ltr'>potuerit,</span> <span class='ocrx_word' id='word_1_193' title='bbox 452 3390 493 3447; x_wconf 89' lang='lat' dir='ltr'>ut</span> <span class='ocrx_word' id='word_1_194' title='bbox 520 3380 556 3446; x_wconf 94' lang='lat' dir='ltr'>in</span> <span class='ocrx_word' id='word_1_195' title='bbox 585 3379 701 3448; x_wconf 89' lang='lat' dir='ltr'>alieno</span> <span class='ocrx_word' id='word_1_196' title='bbox 726 3402 855 3471; x_wconf 87' lang='lat' dir='ltr'>genere</span> <span class='ocrx_word' id='word_1_197' title='bbox 882 3381 1012 3447; x_wconf 92' lang='lat' dir='ltr'>invitus</span> <span class='ocrx_word' id='word_1_198' title='bbox 1036 3378 1209 3448; x_wconf 85' lang='lat' dir='ltr'>laboraret</span> 
     </span>
     <span class='ocr_line' id='line_1_29' title="bbox 165 3493 1206 3585; baseline 0.003 -25"><span class='ocrx_word' id='word_1_199' title='bbox 165 3497 216 3563; x_wconf 87' lang='lat' dir='ltr'>vir</span> <span class='ocrx_word' id='word_1_200' title='bbox 242 3506 357 3575; x_wconf 84' lang='lat' dir='ltr'>acuto,</span> <span class='ocrx_word' id='word_1_201' title='bbox 379 3497 406 3563; x_wconf 90' lang='lat' dir='ltr'>si</span> <span class='ocrx_word' id='word_1_202' title='bbox 432 3496 508 3585; x_wconf 88' lang='lat' dir='ltr'>quis</span> <span class='ocrx_word' id='word_1_203' title='bbox 535 3493 633 3572; x_wconf 88' lang='lat' dir='ltr'>alius,</span> <span class='ocrx_word' id='word_1_204' title='bbox 656 3504 692 3562; x_wconf 88' lang='lat' dir='ltr'>et</span> <span class='ocrx_word' id='word_1_205' title='bbox 716 3493 836 3562; x_wconf 89' lang='lat' dir='ltr'>subtili</span> <span class='ocrx_word' id='word_1_206' title='bbox 858 3494 993 3585; x_wconf 87' lang='lat' dir='ltr'>judicio</span> <span class='ocrx_word' id='word_1_207' title='bbox 1020 3496 1206 3584; x_wconf 87' lang='lat' dir='ltr'>praeditus;</span> 
     </span>
     <span class='ocr_line' id='line_1_30' title="bbox 165 3609 1206 3699; baseline 0.001 -22"><span class='ocrx_word' id='word_1_208' title='bbox 165 3611 354 3678; x_wconf 88' lang='lat' dir='ltr'>tenerrimo</span> <span class='ocrx_word' id='word_1_209' title='bbox 383 3618 562 3698; x_wconf 86' lang='lat' dir='ltr'>praeterea,</span> <span class='ocrx_word' id='word_1_210' title='bbox 590 3618 630 3677; x_wconf 89' lang='lat' dir='ltr'>ut</span> <span class='ocrx_word' id='word_1_211' title='bbox 661 3612 711 3677; x_wconf 88' lang='lat' dir='ltr'>ita</span> <span class='ocrx_word' id='word_1_212' title='bbox 738 3610 861 3690; x_wconf 90' lang='lat' dir='ltr'>dicam,</span> <span class='ocrx_word' id='word_1_213' title='bbox 891 3610 1035 3699; x_wconf 90' lang='lat' dir='ltr'>pudore.</span> <span class='ocrx_word' id='word_1_214' title='bbox 1091 3609 1206 3678; x_wconf 86' lang='lat' dir='ltr'>Ratio-</span> 
     </span>
     <span class='ocr_line' id='line_1_31' title="bbox 163 3724 1205 3816; baseline -0.001 -24"><span class='ocrx_word' id='word_1_215' title='bbox 163 3747 243 3792; x_wconf 93' lang='lat' dir='ltr'>nem</span> <span class='ocrx_word' id='word_1_216' title='bbox 263 3725 371 3816; x_wconf 88' lang='lat' dir='ltr'>igitur</span> <span class='ocrx_word' id='word_1_217' title='bbox 389 3725 463 3814; x_wconf 89' lang='lat' dir='ltr'>ejus</span> <span class='ocrx_word' id='word_1_218' title='bbox 481 3726 529 3791; x_wconf 89' lang='lat' dir='ltr'>rei</span> <span class='ocrx_word' id='word_1_219' title='bbox 545 3725 720 3815; x_wconf 88' lang='lat' dir='ltr'>deinceps,</span> <span class='ocrx_word' id='word_1_220' title='bbox 735 3725 875 3816; x_wconf 89' lang='lat' dir='ltr'>qualem</span> <span class='ocrx_word' id='word_1_221' title='bbox 893 3724 1043 3807; x_wconf 88' lang='lat' dir='ltr'>habebo,</span> <span class='ocrx_word' id='word_1_222' title='bbox 1054 3726 1205 3794; x_wconf 87' lang='lat' dir='ltr'>reddam.</span> 
     </span>
     <span class='ocr_line' id='line_1_32' title="bbox 165 3835 1205 3930; baseline 0.001 -25"><span class='ocrx_word' id='word_1_223' title='bbox 165 3836 295 3928; x_wconf 91' lang='lat' dir='ltr'>Neque</span> <span class='ocrx_word' id='word_1_224' title='bbox 312 3837 407 3906; x_wconf 91' lang='lat' dir='ltr'>enim</span> <span class='ocrx_word' id='word_1_225' title='bbox 425 3835 512 3905; x_wconf 93' lang='lat' dir='ltr'>nihil</span> <span class='ocrx_word' id='word_1_226' title='bbox 531 3860 572 3905; x_wconf 90' lang='lat' dir='ltr'>ea</span> <span class='ocrx_word' id='word_1_227' title='bbox 585 3841 731 3928; x_wconf 87' lang='lat' dir='ltr'>quaestio</span> <span class='ocrx_word' id='word_1_228' title='bbox 742 3839 893 3928; x_wconf 86' lang='lat' dir='ltr'>juvabit,</span> <span class='ocrx_word' id='word_1_229' title='bbox 908 3841 1040 3930; x_wconf 92' lang='lat' dir='ltr'>opinor,</span> <span class='ocrx_word' id='word_1_230' title='bbox 1056 3840 1101 3908; x_wconf 93' lang='lat' dir='ltr'>de</span> <span class='ocrx_word' id='word_1_231' title='bbox 1120 3862 1205 3908; x_wconf 91' lang='lat' dir='ltr'>sum-</span> 
     </span>
     <span class='ocr_line' id='line_1_33' title="bbox 163 3953 696 4044; baseline -0.004 -22"><span class='ocrx_word' id='word_1_232' title='bbox 163 3976 222 4022; x_wconf 92' lang='lat' dir='ltr'>ma</span> <span class='ocrx_word' id='word_1_233' title='bbox 239 3955 288 4021; x_wconf 89' lang='lat' dir='ltr'>rei</span> <span class='ocrx_word' id='word_1_234' title='bbox 306 3953 456 4044; x_wconf 84' lang='lat' dir='ltr'>poeticae</span> <span class='ocrx_word' id='word_1_235' title='bbox 467 3953 696 4043; x_wconf 80' lang='lat' dir='ltr'>judicaturos</span> 
     </span>
    </p>

    <p class='ocr_par' dir='ltr' id='par_1_8' title="bbox 164 4068 1204 4389">
     <span class='ocr_line' id='line_1_34' title="bbox 216 4068 1203 4160; baseline 0.001 -25"><span class='ocrx_word' id='word_1_236' title='bbox 216 4068 323 4136; x_wconf 92' lang='lat' dir='ltr'>Nunc</span> <span class='ocrx_word' id='word_1_237' title='bbox 341 4068 433 4158; x_wconf 94' lang='lat' dir='ltr'>quod</span> <span class='ocrx_word' id='word_1_238' title='bbox 459 4079 628 4159; x_wconf 87' lang='lat' dir='ltr'>superest,</span> <span class='ocrx_word' id='word_1_239' title='bbox 647 4071 805 4160; x_wconf 90' lang='lat' dir='ltr'>cogitent</span> <span class='ocrx_word' id='word_1_240' title='bbox 824 4069 928 4137; x_wconf 90' lang='lat' dir='ltr'>velim</span> <span class='ocrx_word' id='word_1_241' title='bbox 955 4069 1203 4158; x_wconf 87' lang='lat' dir='ltr'>prudentiores,</span> 
     </span>
     <span class='ocr_line' id='line_1_35' title="bbox 164 4181 1204 4274; baseline 0 -26"><span class='ocrx_word' id='word_1_242' title='bbox 164 4204 208 4248; x_wconf 93' lang='lat' dir='ltr'>an</span> <span class='ocrx_word' id='word_1_243' title='bbox 223 4181 389 4250; x_wconf 89' lang='lat' dir='ltr'>divinitus</span> <span class='ocrx_word' id='word_1_244' title='bbox 407 4183 442 4248; x_wconf 95' lang='lat' dir='ltr'>in</span> <span class='ocrx_word' id='word_1_245' title='bbox 461 4182 561 4250; x_wconf 91' lang='lat' dir='ltr'>illum</span> <span class='ocrx_word' id='word_1_246' title='bbox 580 4182 795 4274; x_wconf 82' lang='lat' dir='ltr'>Scriptorem</span> <span class='ocrx_word' id='word_1_247' title='bbox 814 4183 977 4251; x_wconf 90' lang='lat' dir='ltr'>inciderit</span> <span class='ocrx_word' id='word_1_248' title='bbox 995 4183 1204 4274; x_wconf 83' lang='lat' dir='ltr'>principatus</span> 
     </span>
     <span class='ocr_line' id='line_1_36' title="bbox 166 4293 1203 4389; baseline 0.001 -28"><span class='ocrx_word' id='word_1_249' title='bbox 166 4295 301 4363; x_wconf 87' lang='lat' dir='ltr'>Latinae</span> <span class='ocrx_word' id='word_1_250' title='bbox 333 4293 494 4378; x_wconf 79' lang='lat' dir='ltr'>poeseos,</span> <span class='ocrx_word' id='word_1_251' title='bbox 526 4299 584 4386; x_wconf 93' lang='lat' dir='ltr'>qui</span> <span class='ocrx_word' id='word_1_252' title='bbox 620 4298 821 4389; x_wconf 89' lang='lat' dir='ltr'>longissime</span> <span class='ocrx_word' id='word_1_253' title='bbox 851 4307 1007 4366; x_wconf 92' lang='lat' dir='ltr'>remotus</span> <span class='ocrx_word' id='word_1_254' title='bbox 1040 4307 1132 4366; x_wconf 90' lang='lat' dir='ltr'>esset</span> <span class='ocrx_word' id='word_1_255' title='bbox 1166 4296 1203 4364; x_wconf 91' lang='lat' dir='ltr'>ab</span> 
     </span>
    </p>
   </div>
   <div class='ocr_carea' id='block_1_4' title="bbox 0 0 1388 4876">
    <p class='ocr_par' dir='ltr' id='par_1_9' title="bbox 0 0 1388 4876">
     <span class='ocr_line' id='line_1_37' title="bbox 0 0 1388 4876; baseline 0 0"><span class='ocrx_word' id='word_1_256' title='bbox 0 0 1388 4876; x_wconf 95' lang='lat' dir='ltr'> </span> 
     </span>
    </p>
   </div>
  </div>
 </body>
</html>
