2768 4876
171 335 256 375 aaut.
267 335 376 377 xxxvr.
395 312 534 390 Quonam
545 335 581 377 ea·
588 323 680 398 porto
688 315 820 396 Epirum
829 324 928 378 emerat
944 315 1128 400 Virpile'ooo.
1145 318 1204 382 721

168 495 270 577 atque
304 487 448 555 nomine
485 487 613 554 mirum
648 499 819 579 quantum
855 487 1048 581 praestringi
1082 487 1206 557 solent.

169 599 281 670 Simul
306 601 472 671 audivere
498 600 632 682 heroas,
650 601 752 684 bella,
771 604 949 671 incensam
972 603 1106 685 urbem,
1130 626 1209 694 pro·

168 717 267 810 fugos
285 717 449 798 Penates,
464 715 605 787 Italiam
623 718 704 786 fatis
720 718 880 809 petitam,
898 719 1003 787 armis
1021 719 1208 801 devictam,

167 842 296 903 caetera
317 832 444 912 omnia,
462 833 589 924 quibus
610 833 812 902 continetur
833 834 991 903 Poetieae
1016 834 1208 925 grandioris

166 958 373 1042 apparatum
396 947 548 1018 altemm
566 950 686 1017 statim
704 949 770 1018 sibi
787 949 920 1041 fingere
937 956 1119 1040 eoeperunt
1134 946 1210 1016 Ho-

166 1087 313 1135 merum.
353 1063 483 1156 Neque
499 1064 602 1133 faeile
619 1065 847 1146 adducentur,
865 1073 906 1134 ut
924 1065 1077 1145 credant,
1092 1064 1209 1133 medio

165 1180 225 1250 illo
241 1179 381 1251 militiae
399 1180 535 1271 forique
553 1181 703 1272 strepitu
722 1181 838 1249 vivere
859 1204 899 1249 ac
918 1181 1036 1273 vigere
1055 1181 1210 1270 potuisse

165 1299 253 1366 ruris
277 1298 387 1389 quieti
414 1296 638 1378 desiderium,
659 1299 768 1365 immo
794 1295 935 1365 Martiis
952 1295 1211 1386 quodammodo

166 1436 202 1482 se
225 1414 423 1482 immiscere
446 1413 628 1482 cantibus:
656 1436 725 1502 quo
750 1412 882 1480 factum
909 1413 963 1492 sit,
983 1421 1023 1480 ut
1045 1412 1080 1479 in
1108 1412 1212 1480 rebus

166 1529 277 1598 ferme
306 1529 430 1598 iisdem
459 1529 611 1619 disparia
641 1549 781 1618 prorsus
810 1529 984 1596 evaserint
1011 1526 1211 1608 Poetarum,

165 1667 204 1713 ao
223 1644 467 1737 primariorum
485 1643 639 1735 quidem,
658 1665 797 1735 genera.

216 1759 347 1851 Neque
374 1782 456 1830 vero
485 1782 557 1827 non
586 1759 699 1828 aderit
726 1756 915 1849 probabilis
943 1759 1112 1848 quaedam,
1136 1782 1212 1850 quae

166 1875 280 1946 afferri
298 1878 417 1968 possit,
435 1899 557 1945 eorum
575 1875 759 1944 sententiae
778 1875 877 1943 ratio.
931 1873 984 1943 Ut
1006 1876 1100 1943 enim
1125 1875 1213 1943 illud

166 1991 382 2071 omittamus,
400 1990 554 2083 singulas
580 1991 654 2060 fere
679 2000 798 2080 partes
819 1989 987 2059 AEneidos
1014 2012 1213 2081 expressam

168 2107 278 2176 veluti
296 2107 485 2199 imaginem
503 2130 576 2198 pree
593 2129 630 2176 se
645 2107 735 2175 ferre
749 2105 964 2198 singularum
976 2104 1032 2173 vel
1045 2105 1212 2198 Odysseae

169 2222 226 2290 vel
245 2221 365 2291 Iliadis
382 2224 536 2314 partium
547 2244 679 2292 :-non
697 2222 792 2289 enim
810 2223 931 2290 statim
949 2244 994 2289 ex
1016 2222 1213 2291 imitatione

167 2338 251 2418 sola,
269 2340 330 2408 sed
352 2340 469 2430 potius
487 2361 507 2406 e
524 2362 622 2407 more
638 2339 815 2428 modoque
836 2339 997 2406 imitandi
1015 2337 1213 2407 definienda

168 2455 236 2523 erit
254 2455 431 2546 scriptoris
449 2455 618 2545 cujusque
638 2455 735 2522 natio
747 2454 868 2522 :—sed
886 2463 927 2522 ut
945 2476 1086 2522 omnem
1112 2452 1213 2522 illum

167 2568 284 2639 locum
306 2578 563 2660 praetereamus,
582 2568 701 2659 ecquis
718 2569 872 2660 negabit,
891 2570 1004 2637 ornari
1022 2592 1042 2637 a
1059 2567 1212 2661 Virgilio

165 2706 220 2754 res
239 2683 295 2753 vel
322 2685 514 2753 maritimas
532 2682 588 2752 vel
608 2682 758 2751 Martias
775 2684 944 2752 aoerrima
961 2683 1147 2752 verborum
1166 2685 1211 2767 vi,

164 2800 379 2868 densissimis
404 2799 625 2890 imaginibus,
652 2799 806 2868 numeris
832 2823 895 2889 pro
922 2822 1026 2868 reae
1052 2809 1211 2889 tempore

164 2937 258 2983 nune
276 2912 467 2983 fluentibus
485 2937 578 2982 nunc
596 2913 776 2983 incitatis?
804 2938 882 3003 quae
899 2916 1017 2983 omnia
1035 2914 1211 2984 declarare

164 3028 280 3100 solent
305 3029 444 3120 proprio
462 3052 586 3120 eampo
604 3029 834 3110 laborantem,
854 3052 924 3097 non
942 3031 1148 3098 adversante
1169 3053 1210 3099 ae

163 3153 385 3236 repugnante
412 3144 561 3213 Natura.
614 3143 868 3224 Adhibeamus,
887 3145 984 3213 verbi
1010 3145 1131 3235 gratia,
1150 3147 1210 3235 qui

163 3259 293 3330 librum
312 3260 530 3328 versantibus
547 3260 651 3348 primi
669 3259 760 3326 forte
779 3268 962 3328 occurrant
980 3282 1099 3328 versus
1112 3271 1146 3327 ¹¹³.

304 3412 341 3466 At
352 3412 418 3466 tuba
429 3413 572 3466 terribilem
584 3413 702 3466 sonitum
714 3413 808 3480 procul
820 3429 871 3464 aere
884 3429 981 3465 canoro

305 3499 448 3568 Increpuit.
487 3499 612 3569 Sequitur
624 3499 732 3560 elamor,
742 3498 889 3567 caelumque
901 3498 1024 3567 remugit.

302 3586 457 3639 Accelerant
469 3594 527 3639 acta
538 3586 635 3654 pariter
646 3583 778 3637 testudine
791 3583 891 3646 Volsci,

304 3671 339 3724 Et
350 3672 436 3725 fossas
448 3672 556 3740 implere
568 3680 669 3739 parant,
683 3687 712 3722 ac
724 3671 819 3723 vellere
830 3671 945 3723 vallum:

304 3756 437 3815 Quaerunt
449 3773 509 3824 pare
522 3755 633 3819 aditum,
644 3763 669 3808 et
682 3756 758 3808 scalis
771 3754 911 3809 escendere
924 3774 1024 3819 murce,

305 3842 366 3901 Qua
378 3860 436 3895 rara
448 3851 488 3896 est
499 3843 576 3904 acies,
587 3843 777 3911 interlucetque
790 3859 886 3895 corona

303 3927 367 3982 Non
378 3937 434 3982 tam
446 3929 531 3997 spissa
543 3928 613 3981 viris.
650 3928 776 3981 Telorum
787 3927 922 3981 effundere
935 3937 1026 3981 contra

303 4013 392 4068 Omne
403 4032 488 4086 genus
500 4015 603 4077 Teucri,
617 4024 643 4067 et
656 4013 729 4066 duris
742 4013 880 4067 detrudere
893 4022 987 4075 contis,

302 4100 411 4154 Assueti
421 4101 503 4170 longo
515 4117 607 4153 muros
620 4098 758 4152 defendere
769 4098 847 4153 bello.

578 4324 601 4351 ¹¹¹
613 4315 680 4367 AEn.
694 4331 719 4383 9.
733 4327 793 4383 503.

657 4408 678 4471 3
698 4424 721 4470 a
