2768 4876
159 1567 513 1653 PRAELECTIO
547 1567 879 1652 TRIGESIMA
911 1564 1150 1649 TERTIA.

98 2162 284 2220 *lucretiam
295 2165 485 2234 simplicissimo
497 2165 662 2232 nsnmfioisse
673 2162 850 2217 instrumento.
883 2161 1005 2218 Describi
1016 2183 1033 2217 o
1043 2164 1132 2218 Poetis
1142 2162 1183 2219 vel

160 2251 290 2320 sabuloso
298 2250 339 2304 vel
345 2252 494 2320 pereqrt'nu,
502 2252 603 2320 purtim
615 2249 738 2320 ἀναλογίᾳ
748 2249 873 2312 adnibito,
879 2252 980 2320 partim
987 2252 1106 2320 propriis
1115 2269 1182 2304 com·

168 2336 279 2389 maniter
288 2335 412 2388 diontdis.
443 2335 570 2404 Encmplo
581 2337 636 2404 dns
643 2336 756 2404 petitio,
768 2335 815 2388 sed
825 2336 938 2397 rumora,
949 2335 1019 2404 opud
1024 2334 1182 2390 Lucretium.

169 2424 305 2477 Delectari
315 2441 371 2475 cum
382 2422 529 2492 promtu
540 2422 657 2486 numeru,
670 2423 800 2491 sylvisque
812 2423 1021 2492 contemplandis.
1061 2423 1184 2493 componi

165 2528 244 2581 posse
256 2528 311 2562 enm
322 2509 411 2578 aliquo
423 2526 453 2561 ee
460 2515 540 2578 porte
552 2526 608 2561 cnm
620 2508 726 2561 lundata
740 2509 898 2572 Florentino,
911 2510 1007 2562 Dante.

224 2679 349 2750 IDEO
372 2704 430 2750 me
456 2681 716 2771 imprudentem
746 2681 857 2749 ferme
880 2683 917 2748 in
944 2680 980 2747 id
1010 2679 1184 2761 incidisse,

245 2792 462 2875 Academici,
475 2803 525 2875 ut,
544 2794 605 2862 ubi
622 2796 785 2864 docerem
802 2794 967 2863 Lucretio
981 2794 1185 2883 cumprimis

135 2910 307 3001 placuisse
324 2910 416 2979 hanc
432 2910 513 2980 oaeli
530 2933 571 2979 ao
590 2922 761 2979 terrarum
784 2911 1096 3001 speeien1‚-quod
1116 2912 1185 3002 pri·

136 3046 235 3092 mum
256 3034 362 3116 caput
383 3034 458 3093 erat
481 3026 729 3116 disputationis
748 3026 792 3093 de
814 3047 856 3092 eo
881 3033 1183 3115 susceptae-non

136 3162 248 3229 pauca
264 3139 456 3220 attulerim,
475 3164 552 3230 quae
570 3141 786 3230 pertinerent
807 3140 853 3207 ad
880 3137 1027 3207 alteram
1044 3162 1184 3230 quoque

136 3256 211 3346 ejus
238 3265 398 3346 partem3
424 3257 524 3346 eujus
552 3279 690 3324 summa
715 3265 800 3335 erat,
822 3254 901 3322 ideo
929 3255 1083 3323 maxime
1110 3254 1186 3324 Na-

135 3379 225 3439 turae
255 3392 292 3439 se
321 3372 498 3440 addixisse
528 3371 793 3439 memorabilem
820 3371 946 3453 virum,
967 3371 1060 3460 quod
1092 3373 1185 3462 apud

135 3510 215 3555 eam
247 3496 447 3555 occurreret
477 3486 711 3577 undequaque
739 3487 857 3553 nescio
888 3485 972 3575 quid
1007 3485 1206 3580 infinitum*

136 3611 173 3669 et
204 3602 416 3670 obscurum:
451 3599 509 3669 vel
537 3603 714 3691 quoniam,
744 3599 887 3690 Epicuri
918 3609 1015 3667 certe
1039 3600 1185 3690 judicio,

137 3717 254 3806 potuit
281 3739 381 3785 mens
411 3716 522 3786 libera
552 3740 593 3785 ac
624 3715 740 3785 soluta
766 3717 883 3807 vagari
918 3738 982 3805 per
1015 3716 1187 3787 immensa

137 3831 197 3902 illa
224 3840 261 3901 et
288 3841 386 3901 vasta
411 3833 486 3901 sine
511 3832 625 3900 limite
651 3831 774 3922 spatia,
801 3839 822 3868 ‘⁶
833 3829 927 3899 ultra
956 3829 1059 3922 longe
1088 3830 1189 3898 flam-

136 3948 270 4016 mantia
294 3947 425 4016 moenia
451 3948 573 4017 mundi
587 3947 616 4014 :”
643 3946 700 4014 vel
726 3953 870 4037 propter
891 3945 1187 4015 innumerabilem

136 4072 333 4131 atomorum
361 4063 518 4144 chorum,
540 4063 610 4131 huc
636 4061 721 4129 illuc
747 4063 782 4128 in
805 4083 916 4130 vacuo
941 4061 1186 4131 volitantium:

138 4177 191 4244 vel
220 4177 371 4267 denique
397 4179 494 4246 mirae
518 4175 710 4245 celeritatis
734 4197 849 4258 causa,
867 4200 937 4266 qua
961 4177 1041 4245 ferri
1060 4178 1188 4268 agique

138 4315 192 4361 res
220 4314 342 4361 omnes
370 4293 465 4361 omni
495 4301 654 4382 tempore
682 4291 750 4359 fuit
775 4291 902 4380 opinio.
954 4290 1036 4363 Jam
1066 4316 1193 4386 aggre-
