2768 4876
166 316 233 378 508
337 313 403 378 θυι
418 314 577 378 Naturam
591 313 672 377 Arta'
682 312 796 396 sapius
803 310 990 396 μναιυίινὶι.
1035 332 1130 374 rann.
1142 331 1216 373 xxv.

342 482 388 534 οὐκ
400 480 534 552 ἀπείρατοι
546 479 621 550 δόμοι

343 567 404 622 ἐντί·
422 567 541 638 λέλογχε
553 566 582 619 δὲ
594 565 768 637 μεμφομένοις
780 564 875 619 ε’σλοδς
885 562 954 634 ὕδωρ
967 565 1054 635 καπνᾳῖ
1066 561 1159 635 φέρειν

341 650 434 707 ἀντίον·
448 653 537 722 τεχναί
549 651 572 705 δ’
584 650 678 722 ἑτέρων
690 650 783 722 ἕτεραι·
802 649 853 721 χρὴ
866 649 888 703 δ’
902 650 929 704 ἕν
941 649 1051 706 εὐθείαις·
1062 649 1134 705 όδοῖς
1145 649 1215 704 στεί-

376 761 458 809 χοντα
469 737 615 809 μάρνασθαι
627 739 691 808 φνᾳ.

341 823 457 894 πρόσσει
468 825 519 895 γὰρ
531 824 600 896 ἔργῳ
612 824 659 893 μέν
671 822 772 887 σθένος,

340 912 465 974 βουλαῖσι
478 910 507 963 δὲ
519 908 598 979 φρίγν,
610 908 755 978 ἐσσόμενον
765 909 888 978 προϊδεῖν,

342 995 468 1066 συγγενὲς
480 993 519 1050 οἶς
530 994 626 1049 ἕπεται.

164 1123 292 1218 Tangit
319 1147 361 1195 ea
386 1124 554 1207 clausula,
579 1126 617 1193 ni
642 1124 756 1207 fallor,
782 1125 995 1194 sententiam
1019 1122 1120 1192 illam
1148 1123 1212 1192 sibi

164 1264 334 1333 perquam
366 1240 585 1320 familiarem,
609 1239 794 1310 Virtutem
817 1239 950 1309 innasci
977 1239 1119 1321 debere,
1143 1260 1212 1306 non

164 1356 297 1427 addisci
310 1351 329 1425 ἱ.
1050 1352 1061 1371 '

338 1491 368 1544 τδ
381 1491 409 1544 δὲ
422 1492 487 1561 φυᾷ,
499 1488 636 1559 κράτιστον
647 1487 722 1543 ἅπαν·
741 1491 838 1545 πολλοὶ
850 1489 878 1544 δὲ
891 1489 1020 1546 διδακταῖς

340 1575 481 1646 ἀνθρώπων
493 1575 594 1646 ἀρεταῖς
606 1574 682 1631 κλέος

341 1662 460 1731 ὄρουσαν
471 1659 588 1716 ἔλέσθαι.

165 1777 257 1852 Haee
275 1781 399 1852 eadem
418 1782 539 1851 docuit
562 1804 632 1850 non
655 1780 765 1850 semel
790 1803 854 1873 per
878 1781 1098 1851 notissimam
1116 1781 1212 1850 simi·

165 1896 352 1967 litudinem
365 1891 383 1938 1‘
395 1919 403 1966 :

306 2031 394 2102 σοφός
411 2033 426 2084 ό
443 2031 532 2086 πολλὰ
550 2031 624 2087 είδῶς
641 2033 705 2103 φυᾷ·
724 2030 848 2100 μαθόντες
864 2030 892 2084 δὲ
910 2031 1008 2100 >adspui
1025 2030 1212 2101 παγγλωσσίᾳ,

343 2118 448 2184 κόρακες
459 2116 502 2178 ὣς,
514 2114 628 2185 ἄκραντα
638 2113 764 2185 γορόετον

307 2201 369 2254 Διὸς
379 2200 445 2268 πρδς
456 2198 548 2269 ὄρνιχα
560 2199 637 2252 θεῖον.

166 2316 311 2389 Plenius
331 2341 412 2388 vero
429 2318 518 2388 illud
536 2328 643 2411 atque
661 2319 705 2390 ad
725 2317 903 2389 Naturam
920 2315 1163 2410 expressius¹=

307 2454 366 2509 ε’στι
377 2454 399 2508 δ
413 2453 497 2511 οίετος
508 2455 573 2511 ὦκὺς
584 2456 612 2510 ἒν
622 2457 752 2519 ποτανοῖς,

307 2541 336 2597 δς
347 2543 444 2607 ἔλαβεν
455 2538 532 2609 αἶψα,
545 2542 640 2610 τηλόθε
651 2542 859 2610 μεταμαιόμενος,
872 2541 997 2611 δαφοινόν
1008 2539 1091 2612 ἄγραν
1100 2542 1188 2597 ποσίν·

307 2627 427 2697 κραγέται
440 2627 468 2680 δέ
481 2627 579 2680 κολοιοί
591 2627 696 2681 ταπεινὰ
708 2627 834 2697 νέμονται.

167 2742 291 2835 Atque
318 2744 428 2814 totius
456 2745 561 2836 hujus
588 2746 726 2838 generis
752 2768 796 2814 ea
822 2746 933 2813 ferme
962 2746 1052 2815 ratio
1077 2754 1146 2829 est,
1172 2754 1214 2816 ut

166 2882 239 2929 non
261 2860 375 2930 solum
396 2860 538 2954 gloriari
556 2860 718 2930 videatur
735 2860 859 2942 Poeta,
876 2860 938 2929 sed
961 2861 999 2929 in
1019 2884 1090 2931 suae
1110 2863 1213 2932 famae

166 2981 304 3064 partem
322 2995 446 3042 vocare
463 2972 573 3041 etiam
590 2975 761 3042 viatorem
781 2972 966 3042 athletam.
1018 2974 1125 3056 Quid,
1143 2997 1213 3065 quo

167 3084 342 3178 Pytheam
375 3086 496 3155 laudat
527 3087 697 3156 exordio?
734 3087 793 3178 qui
825 3086 980 3179 Pytheas
1010 3089 1122 3156 fertur
1151 3088 1214 3158 ali-

167 3201 307 3292 quando
325 3201 503 3270 dubitasse
521 3201 566 3270 de
585 3201 700 3293 pretio
723 3201 798 3292 ejus
824 3202 1032 3283 carminum,
1048 3211 1213 3273 causatus

167 3314 332 3384 videlieet
360 3315 484 3384 eadem
514 3315 664 3406 pecunia
693 3323 850 3385 statuam
881 3338 1023 3385 auream
1048 3315 1214 3388 collocari

167 3429 234 3499 sibi
251 3451 364 3520 posse.
415 3429 469 3500 At
486 3429 659 3498 Pindarus
672 3440 708 3510 ¹¹¹,

307 3571 362 3633 οὐκ,
374 3570 471 3641 inquit,
483 3569 690 3640 ἀνδριαντοποιός
702 3570 760 3639 εἶμ’,
773 3572 807 3627 ὣς
821 3569 843 3625 τ’
856 3570 1010 3626 ἔλινόσοντά
1020 3570 1046 3640 μ’
1060 3572 1215 3643 ἐργάζεσθαι

342 3654 468 3726 ἀγάλματ’
481 3654 520 3709 ἐπ’
533 3657 611 3711 αὐτᾶς
621 3657 748 3724 βαθμίδος

308 3740 419 3796 ἑσταότ’·
438 3740 498 3795 ἀλλ’
511 3742 553 3795 ἐπὶ
564 3742 651 3796 πόσας
663 3742 773 3799 ὁλκάδος
785 3743 812 3797 έν
823 3745 845 3797 τ’
852 3742 945 3817 ἀκάτῳ,
957 3742 1053 3815 γλυκεῖ
1066 3744 1151 3809 ἇσιδό,

308 3826 391 3897 στεῖχ’
404 3826 447 3880 ἀπ’
460 3827 573 3898 Αίγίνος,
587 3825 765 3898 διογγέλλοισ’
778 3827 819 3882 ὅτι

308 3913 449 3980 Λάμπωνος
459 3915 523 3976 υίὸς,
536 3912 638 3967 Πυθέας
649 3913 812 3982 εὐρυσθενὴς,

307 3997 362 4066 νίκη
376 3998 494 4068 Νεμείοις
504 3999 662 4070 παγκρατίου
675 3999 819 4070 στέφανον’

203 4194 212 4234 ¹
226 4197 267 4250 Ol.
280 4214 307 4268 9.
323 4211 382 4265 151.
593 4198 687 4256 kleid.
700 4217 724 4256 2.
741 4213 799 4270 155.
1002 4196 1011 4238 ¹
1025 4198 1099 4253 Nem.
1112 4215 1139 4271 3.
1156 4213 1214 4266 140.

168 4289 191 4320 m
204 4281 271 4336 Ibid.
284 4295 310 4348 5.
326 4298 349 4337 1.
