2768 4876
163 330 261 371 runt.
274 328 368 370 xxm.
434 305 581 389 smuoor
595 325 700 368 aarum
714 304 788 367 Joot'
802 325 860 368 esso
875 323 967 366 corcr.
1157 302 1218 367 461

170 480 389 552 Prometheo
421 479 577 549 exerceri
604 476 764 546 volueret
792 476 835 545 Io
865 477 1063 546 miserando
1093 499 1219 556 errore,

167 600 220 668 ita
246 607 377 676 temen,
396 606 437 663 ut
458 617 556 685 spem
582 592 715 683 ubique
739 592 953 672 ostenderet,
975 592 1050 659 fore
1076 594 1219 661 tandem

170 722 213 784 ut
230 712 374 804 vaganti
391 711 599 780 redderetur
614 719 711 778 certa
728 716 766 777 et
782 731 883 777 mens
899 717 937 776 et
955 706 1099 777 domus:
1125 708 1219 776 idem

167 827 241 909 ille,
262 828 419 917 inquam,
439 809 583 916 Jupiter
605 832 751 916 apparet
773 822 906 913 ubique
924 822 1159 914 Supplioibus,
1179 823 1220 891 lo

167 941 320 1035 genitis;
347 942 391 1009 ad
406 939 514 1008 Illum
538 947 739 1030 provocant,
759 936 867 1005 Illum
893 945 1110 1028 augurentur
1134 961 1220 1029 prae-

169 1079 247 1126 esse
276 1055 383 1125 ohoro
413 1055 583 1135 Deorum,
614 1077 763 1144 quorum
793 1053 828 1120 in
859 1051 975 1121 tutela
1005 1053 1048 1121 sit
1079 1051 1218 1144 Argos:

170 1195 323 1264 quorum
354 1193 436 1241 oum
466 1171 597 1240 faciant
628 1170 698 1238 duo
728 1168 891 1260 quaedam
926 1168 1075 1259 agmina,
1107 1167 1220 1259 Supe-

168 1311 289 1357 rorum
325 1286 459 1356 soilioet
494 1296 531 1354 et
566 1285 776 1364 inferorum,
810 1282 938 1352 Jovem
975 1284 1072 1351 miris
1105 1284 1219 1352 modis

169 1403 214 1471 ab
233 1409 385 1490 utroque
407 1409 583 1490 seponunt
608 1421 649 1467 eo
675 1407 871 1490 segregant,
890 1397 988 1465 velut
1006 1398 1217 1488 superiorem

170 1538 242 1583 non
261 1515 384 1582 ordine
402 1520 543 1581 tantum
561 1512 622 1580 sed
644 1520 681 1580 et
701 1533 850 1603 genere:
878 1520 1003 1580 extent
1021 1512 1125 1592 enim,
1143 1511 1219 1580 illa-

169 1653 249 1698 rum
261 1628 435 1720 judioio⁰‚
557 1622 559 1625 ’

380 1762 475 1818 ὕπατοί
489 1785 517 1816 τε
530 1762 593 1825 θεοὶ,
607 1763 648 1815 καὶ
660 1761 797 1832 βαρύτιμοι

381 1849 482 1919 χθόνιοι
486 1889 579 1904 ......

382 1937 424 1989 καὶ
436 1936 497 1990 Ζεὺς
509 1935 597 2003 σωτὴρ
609 1934 742 2004 τρίτος,-

170 2059 229 2150 qui
259 2059 403 2149 quidem
440 2057 543 2126 unice
573 2057 783 2147 praedioatur
812 2078 891 2146 spes
920 2054 1047 2125 ultima
1081 2057 1216 2147 piarum

171 2175 418 2255 domorum,-

380 2299 526 2371 οἰκοφύλαξ
539 2298 619 2355 ὁσίων
631 2299 738 2372 ἀνδρῶν.

172 2422 279 2492 Hune
301 2434 422 2493 autem
441 2424 545 2492 docet
562 2422 707 2492 Danaus
725 2444 801 2491 sero
818 2421 880 2491 sed
898 2423 987 2491 serio
1006 2422 1113 2513 (quod
1133 2421 1218 2490 diei-

172 2543 243 2631 tur)
262 2539 320 2608 vel
337 2541 463 2631 punire
480 2537 538 2606 vel
556 2560 636 2607 suos
653 2536 830 2606 vindicare
849 2560 889 2606 ao
907 2537 1074 2606 liberere:
1098 2539 1217 2626 itaque

172 2653 392 2745 expectanda
418 2675 494 2721 esse
520 2675 659 2743 semper
681 2652 790 2743 ipsius
813 2661 983 2743 temporo,
1006 2676 1095 2721 neve
1121 2652 1218 2722 festi-

171 2768 337 2849 nandum,
354 2769 547 2858 praesertim
566 2767 620 2836 his
637 2766 838 2837 mortalium
858 2767 1012 2836 tenebris
1024 2763 1059 2837 1¹:

381 2903 482 2972 θάρσει·
500 2906 587 2977 χρόνῳ
599 2924 638 2957 τοι
651 2903 729 2976 κυρίῳ
742 2902 763 2957 τ’
777 2903 804 2957 ἐν
816 2902 897 2972 ἡμέρᾳ

382 2990 456 3046 θεοὺς
466 2990 558 3057 ἀτίζων
570 3012 608 3046 τις
619 2992 722 3060 βροτῶν
734 2990 812 3044 δόσει
825 2991 904 3058 δίκην.

174 3109 356 3181 Habemus
373 3120 410 3181 et
427 3111 502 3180 haeo
512 3121 545 3181 et

380 3247 440 3301 οὐδὲ
451 3247 597 3319 μέμφομαι·
616 3269 657 3300 τε·

379 3334 472 3388 λεντὰς
484 3333 506 3388 δ’
521 3334 549 3387 ἐν
560 3336 646 3406 χρόνῳ

379 3418 464 3487 πατὴρ
476 3421 491 3471 ὁ
502 3419 650 3474 πόντοπτας

378 3504 520 3573 πρευμένης
531 3505 636 3559 κτίσειε.

170 3622 344 3694 Praeterea
373 3627 549 3717 perveniri
583 3628 627 3696 ad
662 3650 705 3696 ea
729 3649 807 3717 quae
832 3625 915 3695 Jovi
942 3636 1018 3696 rata
1051 3629 1214 3711 sintrio
1320 3635 1322 3640 ’

169 3740 319 3830 quodam
338 3742 542 3823 certissima,
561 3743 621 3811 sed
640 3750 677 3811 et
695 3743 853 3810 omniurn
873 3744 1029 3812 maxime
1047 3745 1212 3815 obscura:

169 3863 206 3921 ut
234 3877 308 3922 non
332 3854 426 3924 male
452 3856 593 3940 dixeris,
621 3857 740 3926 divina
766 3856 911 3926 consilia
937 3857 1041 3949 sylvae
1067 3858 1214 3951 ulioujus

169 3968 435 4039 similitudinem
459 3970 599 4052 habere,
622 3972 826 4042 densissime
846 3972 1078 4066 virgultorum
1102 3976 1214 4067 eopia,

169 4082 265 4172 eujus
295 4084 422 4153 itinera
450 4107 564 4176 neque
595 4084 676 4154 ullis
706 4086 777 4154 sint
806 4088 927 4177 pervia
954 4087 1074 4167 oculis,
1098 4111 1213 4180 neque

233 4307 246 4336 ⁰
265 4300 330 4368 Sup.
344 4316 386 4367 25.
586 4302 599 4338 ἀ
617 4303 685 4356 Ibid.
701 4319 758 4374 740,
969 4314 982 4342 Θ
1000 4305 1152 4374 Ibid.143.‘
