2768 4876
128 339 227 380 rann.
239 335 328 377 xxvi.
390 313 477 374 Ιαοιο
491 307 638 379 maledicet,
653 307 792 382 Hercule,
809 306 937 369 Aotttto.
1115 307 1179 369 525

131 484 315 581 βρεγμὲνος
332 481 441 576 ἁβρὸν
458 487 563 564 σῶμα.
615 479 726 570 Cujus
746 478 795 545 rei
815 487 915 547 tanta
939 486 993 547 est
1017 479 1180 558 suavitaa

133 612 175 670 ut
193 600 281 669 nihil
308 601 344 669 in
368 599 471 669 terris
487 599 604 690 aptius
621 595 830 665 adumbrare
849 593 1010 663 videatur
1027 593 1180 662 solicitu-

134 718 254 785 dinem
280 715 378 784 illam
405 714 591 806 plusquam
617 720 825 787 maternam,
844 732 914 800 qua
939 709 1013 799 pias
1038 710 1183 789 animas,

134 839 251 898 morte
269 829 377 910 obita
397 836 513 897 servat
531 827 699 915 fovetque
719 823 864 892 Numen
884 824 1087 916 benignum.
1141 822 1182 891 Id

135 945 230 1037 quod
261 944 476 1034 Spenserum
507 943 615 1012 etiam
648 964 703 1009 res
733 941 817 1030 ipsa,
839 941 892 1008 uti
917 940 1077 1020 vidimus,
1101 940 1184 1009 edo-

136 1060 222 1129 cuit.

187 1175 252 1244 Est
275 1184 313 1242 et
337 1173 425 1242 illud
449 1173 624 1263 praecipue
643 1170 879 1250 Pindaricum,
898 1171 990 1260 quod
1016 1169 1119 1239 elisos
1140 1172 1185 1239 ab

138 1290 298 1359 Hercule
322 1311 443 1357 reeens
462 1296 546 1355 nato
565 1288 655 1355 etin
673 1288 772 1355 cunis
791 1288 953 1378 vagiente
979 1309 1112 1377 angues
1135 1286 1186 1355 ita

137 1406 310 1498 depingit,
330 1415 372 1473 ut
396 1403 544 1472 mirifice
570 1403 761 1495 conjungat
788 1403 945 1470 divinum
972 1402 1079 1470 robur
1104 1425 1185 1471 eum

137 1523 287 1593 audacia
304 1521 454 1612 quadam
475 1519 600 1611 puerili
612 1531 636 1586 ⁰.

298 1657 340 1709 τοὶ
351 1656 406 1724 μέν,
419 1654 553 1724 οἰχθεισᾶν
564 1656 658 1716 πυλᾶν,

298 1743 325 1797 ἐς
337 1742 454 1810 θαλάμου
465 1739 549 1811 μάχαν
561 1741 635 1810 εὐρὺν
649 1741 721 1805 ἔβαν,
733 1740 860 1794 τέκνοισιν
872 1741 960 1796 ὠκείας
971 1741 1080 1812 γνάθους

298 1825 497 1897 ἀμφελίξασθαι
509 1827 646 1894 μεμάωτες·
664 1828 678 1877 ὁ
691 1823 713 1878 δ’
727 1824 805 1894 ὅρθον
816 1826 862 1894 μέν
875 1825 985 1880 ι’ίντεινεν
997 1829 1070 1895 κάρα,
1082 1833 1189 1897 πειρᾶτο

335 1913 363 1966 δὲ
375 1919 478 1984 πρῶτον
489 1914 582 1982 μάχας,
650 1944 653 1949 ·

301 2000 424 2054 δισσαῖσι
436 1999 522 2054 δοίους
533 1998 647 2068 αὐχένων

298 2086 417 2156 μάρψαις
428 2083 553 2154 ἀφύκτοις
565 2085 659 2156 χερσίν
671 2086 723 2140 ἑαῖς
735 2083 820 2154 ὀφίας.

301 2171 454 2243 ἀγχομένοις
466 2171 494 2224 δέ
506 2174 600 2240 χρόνος

301 2259 392 2328 ψυχὰς
403 2256 564 2312 ἀπέπνευσεν
575 2254 674 2324 μελέων
683 2254 800 2326 ἀφάτων.

142 2372 257 2453 Nihil,
276 2372 393 2454 eredo,
411 2395 456 2440 ne
477 2371 624 2463 cogitari
643 2372 786 2461 quidem
811 2375 939 2464 potuit,
958 2375 1052 2463 quod
1077 2377 1191 2466 magis

140 2500 237 2559 esset
262 2489 378 2578 dispar
402 2487 563 2555 infantiae
582 2486 684 2568 lami,
702 2490 902 2559 teuenimae
929 2489 979 2557 illi
1005 2501 1042 2559 et
1063 2490 1192 2559 delica-

141 2603 307 2672 tissimae:
331 2611 489 2671 attamen
509 2610 545 2669 et
563 2602 631 2670 ista
648 2603 766 2671 neseio
778 2606 954 2692 quomodo
968 2605 1024 2674 vel
1043 2629 1191 2697 puerum

142 2717 288 2807 sapiunt
306 2715 360 2784 vel
380 2717 525 2783 doctum
544 2738 624 2783 cum
643 2717 760 2806 pueris
778 2716 909 2785 ludere.

197 2828 362 2920 Denique
388 2850 434 2896 ne
458 2839 576 2897 eareat
597 2829 670 2898 ulla
688 2840 775 2898 aetas
792 2831 956 2922 exemplo
983 2854 1056 2909 suo,
1076 2832 1193 2899 videte

143 2967 191 3014 an
217 2945 303 3012 satis
325 2953 429 3012 acute
456 2943 615 3035 tetigerit
636 2966 751 3013 mores
769 2953 806 3013 et
823 2945 969 3015 affectus
994 2970 1115 3015 eorum
1133 2948 1193 3037 qui

144 3059 267 3151 paullo
285 3070 367 3128 aunt
384 3060 484 3129 annis
501 3061 753 3150 provectiorem
776 3084 845 3151 quo
863 3063 1017 3130 earmine
1029 3061 1194 3130 videlicet

145 3176 355 3265 exsequitur
380 3173 533 3243 Achillis
561 3175 759 3265 pueritiam,
786 3175 940 3244 Chirone
966 3178 1133 3269 magistro
1159 3178 1195 3244 in

146 3291 255 3384 sylvis
271 3301 398 3371 actam,
418 3290 663 3358 venat-ionibus
681 3300 718 3359 et
735 3290 820 3359 ludo
838 3293 1025 3383 campestri
1036 3303 1062 3361 P.

307 3426 399 3494 ξάνθος
411 3426 433 3480 δ’
445 3426 574 3497 Ἀχιλεὺς,
587 3428 619 3480 τὰ
630 3427 685 3495 μέν,
697 3426 778 3496 μένων
791 3428 903 3499 Φιλύρας
915 3429 942 3482 έν
955 3429 1050 3498 δόμοις,

308 3517 368 3570 παῖς
380 3515 428 3568 ε’ὼν
439 3513 533 3585 ἅθυρεν
543 3512 645 3584 μεγάλα
657 3515 729 3584 ἔργσῇ
742 3516 821 3584 χερσὶ
833 3516 925 3584 θαμινὰ

308 3601 506 3670 βραχυσίδαρον
518 3601 612 3654 ἅκαντα
622 3601 739 3663 πάλλων,
751 3599 798 3656 ’ίσα
810 3601 831 3656 τ’
843 3601 945 3671 ἀνέμοις

308 3689 546 3764 ράχᾳλεόντεσσιν
557 3686 707 3757 ἀγροτέροις
719 3689 852 3755 ἔπρασσεν
863 3691 954 3758 φόνον,

311 3773 423 3841 κάπρους
435 3773 456 3826 τ’
468 3775 560 3843 ἔναιρε,
573 3776 681 3842 σώματα
693 3775 721 3827 δέ
733 3776 802 3844 παρὰ
815 3776 941 3844 Κρονίδαν

311 3859 457 3930 Κένταυρον
467 3859 643 3928 ἀσθμαίνοντα
655 3862 763 3929 κόμιζεν,

311 3945 399 4014 ε’ξέτπς
410 3952 552 4016 τοπρῶτον,
565 3945 628 3999 ὅλον
640 3946 661 3999 δ’
676 3947 753 4001 ἔπειτ’
765 3970 797 4001 αν
808 3950 911 4017 χρόνον

219 4035 228 4043 ”
311 4034 356 4087 τὸν
368 4030 622 4102 ε’θάρβεενἋρτεμίς
633 4055 661 4086 τε
675 4035 715 4086 καὶ
728 4033 827 4103 θρασεῖ’
839 4034 943 4096 Ἀθάνα,

312 4117 431 4172 κτείνοντ’
445 4118 561 4189 ἐλάφους
573 4118 633 4172 ι’ίνευ
645 4125 726 4173 κυνῶν
738 4120 832 4175 δολίων
844 4120 866 4174 θ’
880 4119 981 4189 ε’ρκέων,

311 4206 397 4260 ποσσί
408 4206 459 4275 γὰρ
472 4204 605 4275 κράτεσκε.

295 4347 393 4400 ‘’Nem.
410 4365 433 4400 1.
449 4347 492 4400 61.
869 4350 963 4403 prid.
977 4367 1002 4418 3.
1017 4363 1060 4420 75.
