2768 4876
164 321 229 389 660
258 320 455 408 Singulorum
470 321 557 406 opud
570 321 746 387 mererium
760 319 913 386 cotom
927 320 981 387 nis.
1002 341 1098 385 roni..
1111 340 1209 381 xxxu.

214 497 318 580 Quod
350 497 379 566 si
408 495 612 586 conjecture
640 493 726 565 setis
754 492 925 583 probabili
954 491 1143 565 retulimus
1166 489 1210 560 sd

164 637 319 685 amorem
350 622 488 685 neturae
520 613 632 704 ipsam
665 611 776 681 ferme
807 609 1031 681 Lucretianae
1060 598 1213 681 Poeseos

164 752 352 812 summam,
366 727 454 797 nihil
472 750 559 819 opus
576 735 691 806 erunt,
704 727 837 817 opinor,
855 725 1031 817 permulta
1048 723 1213 816 exempla
1237 821 1240 824 Α

164 845 200 913 in
218 845 349 914 usitato
367 843 429 913 illo
445 866 587 936 genere,
605 866 675 933 quo
693 841 806 911 solent
834 843 1021 933 scriptores
1041 840 1215 932 ejusmodi

164 981 264 1028 snam
283 958 491 1050 plerumque
508 958 686 1028 declarare
703 958 880 1028 indolem:
908 957 1025 1049 qualia
1044 979 1112 1026 neo
1138 979 1216 1026 rare

164 1074 273 1145 habet
295 1074 439 1156 Noster,
458 1096 573 1165 neque
590 1072 666 1164 ipso
685 1072 802 1164 (paene
820 1073 950 1159 dicam)
969 1069 1124 1163 Virgilio
1149 1070 1217 1138 mi-

164 1212 231 1259 nus
245 1189 452 1282 Virgiliana.
491 1189 622 1280 Ecquis
639 1189 797 1258 omniurn
815 1188 992 1278 exquisite
1008 1188 1122 1279 magis
1139 1195 1217 1256 erte

166 1305 285 1396 tetigit
313 1305 349 1372 in
378 1327 416 1373 re
442 1327 581 1395 quaque
608 1301 760 1372 naturali
791 1305 931 1371 unicam
962 1301 1068 1385 illam,
1096 1312 1138 1370 ut
1164 1302 1217 1370 ite

164 1420 355 1501 nominem,
370 1419 559 1499 chordam,
575 1442 646 1510 qua
662 1418 771 1488 semel
789 1419 869 1498 icta,
888 1419 1059 1488 sentimus
1076 1428 1217 1488 extern-

164 1534 224 1626 plo
254 1536 418 1617 universi,
448 1558 610 1605 resonare
640 1535 900 1626 quodammodo
930 1535 1026 1602 intus
1055 1533 1216 1602 animum

164 1660 348 1734 nostrnm3
374 1652 441 1720 nisi
459 1651 581 1741 siquis
600 1650 719 1719 durior
735 1650 826 1718 forte
844 1658 973 1729 exstet,
991 1649 1090 1718 etad
1110 1672 1218 1718 omne

164 1766 232 1837 hoc
246 1766 450 1837 deliciarum
467 1789 580 1859 genus
592 1765 767 1858 ineptior?
791 1765 905 1836 Velut
918 1766 955 1834 in
969 1765 1122 1846 musicis
1135 1766 1219 1836 doc·

164 1891 280 1952 terum
307 1885 444 1953 aurium
465 1884 611 1975 judicio,
629 1881 756 1975 singuli
784 1905 874 1973 pene
899 1883 1035 1950 sonitus
1058 1880 1144 1950 dere
1165 1881 1218 1950 di-

164 2008 295 2068 cuntur
307 2000 417 2068 totius
429 1999 619 2069 harmonice
632 1999 925 2092 significationem
941 1998 1089 2066 minime
1103 1997 1217 2066 incer-

164 2119 250 2189 tam.
300 2113 381 2197 Quo
398 2115 436 2183 in
452 2138 582 2207 genere
598 2115 807 2206 praeclarum
825 2123 880 2184 est
896 2113 985 2183 illud
997 2123 1025 2194 ¹¹,

304 2304 376 2315 —
387 2284 475 2330 totum
488 2277 691 2331 circumtremere
703 2276 816 2331 AEthera
829 2275 923 2345 signis.

164 2406 289 2497 Atque
307 2407 415 2476 etiam
433 2406 520 2476 illud
540 2407 585 2478 de
603 2407 768 2502 Lychnis,

605 2559 712 2606 tremere
723 2551 831 2622 ignibus
843 2552 952 2616 instant,

307 2637 422 2702 Instant,
436 2656 485 2692 nec
497 2640 555 2693 loca
566 2640 613 2692 lux
625 2640 694 2692 iuter
706 2639 782 2710 quasi
794 2647 872 2708 rupta
882 2639 1016 2710 relinquit.

165 2751 328 2822 Fortasse
359 2753 466 2822 etiam
494 2776 565 2821 non
592 2751 685 2821 male
713 2753 888 2823 addideris
915 2776 969 2838 ea,
990 2776 1072 2844 quae
1095 2752 1216 2844 aliquo

163 2868 200 2935 in
227 2867 305 2937 loco
332 2877 415 2938 sunt
441 2869 536 2938 dicta
562 2868 606 2936 de
628 2869 775 2937 humore
799 2868 938 2937 sublato
961 2892 1006 2937 ex
1029 2868 1216 2959 superficie

163 2982 269 3051 maris
282 2993 297 3025 ⁰
308 3005 317 3065 3

543 3078 624 3134 validi
635 3087 767 3134 verrentes
777 3099 884 3152 aequora
895 3080 967 3135 venti

310 3165 488 3229 Deminnunt,
501 3166 634 3238 radiisque
646 3174 762 3221 reterens
773 3168 897 3221 aetherius
910 3166 974 3221 Sol:

165 3289 338 3379 siquidem
356 3289 524 3359 credibile
542 3300 607 3372 est,
620 3314 690 3359 non
710 3299 845 3360 temere
864 3290 946 3382 poni
961 3290 1108 3358 verbum
1126 3289 1214 3359 illud

165 3405 392 3484 “retexens''
409 3407 494 3497 quin
512 3407 587 3497 ejus
605 3429 672 3497 ope
689 3429 763 3475 reru
783 3404 910 3475 deduci
934 3406 978 3474 ad
996 3405 1113 3496 ipsum
1131 3428 1217 3475 ocu-

164 3516 279 3588 lorum
294 3520 481 3611 judicium.
530 3520 671 3615 Quippe
698 3522 853 3613 pertinet
878 3522 921 3591 ad
953 3522 1088 3613 vaporis
1115 3523 1214 3612 quasi

164 3633 233 3716 fila,
252 3658 331 3725 quae
353 3636 528 3706 cernimus
554 3636 763 3729 plerumque
789 3637 834 3706 ab
858 3635 1003 3707 Oceano
1028 3636 1120 3705 trahi
1141 3659 1216 3706 ver·

166 3771 224 3820 sus
249 3751 450 3820 inferiorem
476 3753 579 3823 nubis
597 3777 705 3835 oram,
725 3777 795 3844 qua
820 3753 885 3822 sub
907 3752 1002 3821 nube
1020 3750 1144 3822 Solem
1164 3753 1219 3844 ip·

166 3887 242 3936 sum
262 3866 371 3937 latere
388 3869 567 3938 novimus:
592 3870 680 3939 adeo
698 3869 826 3939 lucidae
843 3868 919 3938 istae
937 3867 1041 3937 lineae
1059 3869 1214 3958 speciem

166 3985 341 4071 quandam
368 4007 437 4075 prae
464 4007 501 4053 se
522 3985 641 4054 ferunt
662 3986 770 4054 telam
795 3985 989 4054 retexentis
1010 3992 1048 4051 et
1076 3983 1215 4077 singule

167 4096 351 4166 evellentis
368 4097 437 4166 iila.

308 4342 325 4369 ¹¹
344 4332 423 4385 Lucr.
440 4351 461 4387 1.
478 4336 557 4388 1088.
828 4381 832 4389 .
945 4344 960 4372 ⁰
971 4349 999 4404 5.
1012 4335 1076 4406 267.
