2768 4876
181 345 266 386 rann.
279 348 400 388 xxxvn.
425 325 575 409 Eccmpln.
593 324 770 407 Vergiliana
785 323 823 385 dc
837 319 947 384 nitidus
962 319 1135 385 educandis.
1159 321 1222 384 753

227 496 323 567 Hinc
352 521 395 567 ea
425 498 584 589 plurime,
616 520 696 587 quae
729 498 890 566 tribuunt
925 495 1057 562 eisdem
1086 495 1221 584 justam

175 615 279 683 etism
297 614 502 705 reipublicae
519 614 668 683 formam
679 622 709 680 ¹.

313 749 383 804 Solae
395 767 551 804 communes
563 759 649 812 natos,
663 748 796 802 consortia
808 755 877 800 tecta

313 837 396 890 Urbis
408 836 517 898 babent,
529 837 688 906 magnisque
699 834 801 904 agitant
814 833 865 886 sub
877 832 982 903 legibus
996 851 1092 894 sevum,

312 923 348 977 Et
359 923 471 993 patriam
484 924 547 976 solae
560 932 586 975 et
598 933 684 976 certos
696 937 793 974 novere
806 919 927 973 Penates.

173 1045 267 1116 Hinc
285 1046 462 1138 popularis
481 1047 525 1115 de
542 1045 640 1136 prole
658 1068 777 1113 eornm
798 1044 1019 1113 sententiat:

383 1174 452 1244 Ipsae
465 1192 479 1228 e
490 1173 560 1227 foliis
573 1182 649 1227 natos
662 1181 688 1227 et
700 1172 827 1226 suavibus
839 1172 929 1226 herbis

312 1261 366 1316 Ore
377 1263 488 1332 legunt:
506 1261 572 1330 ipsae
583 1277 673 1330 regem
685 1277 833 1329 parvosque
847 1258 963 1316 Quirites

312 1347 462 1402 Sufficiunt.

171 1461 451 1531 Festivissimum
473 1462 632 1552 profecto
651 1459 750 1541 illud,
769 1483 839 1527 uno
858 1458 942 1527 lieet
960 1459 1066 1527 verbo
1084 1460 1128 1527 sit
1148 1460 1219 1527 dic-

168 1587 257 1658 tum,
277 1574 441 1664 Quirites.
494 1576 598 1659 Quod
622 1585 754 1655 autem,
772 1598 810 1644 re
827 1574 915 1643 adeo
933 1576 1044 1656 tenui,
1062 1575 1218 1644 solennia

169 1693 276 1762 verba
301 1691 483 1760 transtulit
504 1693 549 1760 de
572 1691 662 1760 Foro
681 1690 854 1770 Romano,
873 1689 918 1757 de
943 1712 1068 1780 campo
1092 1700 1128 1759 et
1156 1692 1216 1758 tri·

169 1805 298 1887 bunsli,
328 1807 449 1900 tetigit
475 1806 622 1874 fortasse
653 1804 791 1874 civilem
826 1825 968 1872 suorum
996 1805 1216 1894 jactantiam,

167 1922 261 1991 sicut
286 1924 381 2013 prius
409 1924 445 1991 in
475 1922 617 1990 Martiis
648 1921 716 1990 illis
748 1920 915 1989 bellicum
944 1919 1104 1988 ardorem
1140 1941 1218 2009 per-

168 2038 367 2107 strinxerat.

217 2153 338 2245 Atque
361 2176 427 2246 ego
456 2153 668 2222 sententiam
696 2151 787 2220 hanc
815 2153 1013 2219 universam
1036 2152 1086 2218 ita
1107 2149 1215 2217 tribui

169 2267 274 2337 velim
305 2268 432 2360 insigni
461 2267 591 2347 Poetae,
618 2275 660 2352 ut
690 2267 835 2334 minime
866 2267 1070 2335 confirmem
1099 2266 1215 2355 ipsum

167 2384 308 2475 penitus
324 2383 552 2462 intellexisse,
572 2406 640 2474 quo
659 2383 834 2473 pertineat
858 2405 910 2464 ea,
929 2403 1034 2470 quam
1058 2379 1130 2449 late
1156 2403 1216 2470 pa-

168 2506 252 2566 teat.
304 2496 401 2579 Quin
427 2498 596 2566 instinctu
615 2497 767 2587 quodam
786 2496 965 2587 tacitoque
985 2495 1137 2586 pectoris
1154 2516 1215 2561 au-

166 2614 277 2705 gurio,
295 2621 336 2682 ut
353 2611 456 2682 multi
476 2612 598 2693 multa,
617 2613 666 2681 sic
682 2610 745 2680 ills
766 2610 935 2702 Virgilius
959 2633 1021 2700 pro
1043 2618 1212 2699 tempore,

166 2739 205 2797 ut
223 2730 374 2812 videtur,
391 2728 538 2798 effudit:
566 2729 673 2797 etiam
691 2729 727 2795 in
745 2727 812 2796 hoc
830 2725 1060 2819 agricolarum
1079 2724 1213 2805 similis,

166 2845 256 2934 siqui
282 2843 457 2914 habentur
475 2843 695 2912 solertiores:
722 2854 859 2911 namet
882 2843 1008 2911 homm
1034 2863 1212 2912 sermones

165 2981 236 3027 non
253 2981 331 3028 raro
348 2958 428 3050 plus
446 2960 586 3050 sapiunt
604 2981 709 3050 quam
727 2959 793 3049 ipsi
812 2957 983 3027 homines

215 3071 295 3143 Erit
320 3071 477 3156 fortasse,
501 3073 560 3163 qui
587 3074 623 3141 in
649 3072 740 3141 hanc
766 3094 841 3140 rem
869 3073 995 3141 adduci
1020 3069 1116 3151 velit,
1135 3091 1211 3159 quae

165 3198 332 3280 praterea
356 3189 400 3257 de
419 3188 548 3258 vitibus
572 3188 763 3258 educandis
787 3188 908 3258 sedulo
934 3187 1091 3277 praecipit
1115 3184 1210 3252 idern

166 3305 347 3399 Virgilius,
379 3306 509 3396 quippe
540 3307 599 3397 qui
629 3306 780 3398 viguerit
815 3327 899 3374 cura
932 3303 1102 3394 cultuque
1137 3312 1209 3369 tam

163 3421 326 3490 arborum
354 3444 461 3512 quam
491 3423 734 3499 animantium,
763 3430 799 3489 et
829 3421 866 3487 in
893 3442 935 3488 ea
961 3441 1101 3509 quoque
1132 3400 1211 3508 pro-

166 3536 278 3606 vincia
302 3536 450 3605 mirifice
468 3559 549 3605 oum
568 3536 700 3606 colonis
718 3538 876 3605 senserit.
927 3535 984 3603 De
1002 3533 1140 3613 vitibus,
1158 3533 1210 3599 in-

163 3674 278 3742 quam,
297 3652 422 3721 eadem
439 3673 557 3742 prope,
574 3674 654 3742 quae
672 3651 716 3720 de
727 3651 899 3741 juvencis,
918 3649 1032 3718 caveri
1044 3645 1149 3738 jubet
1159 3655 1183 3712 ¹.

303 3793 433 3848 Exnerint
447 3793 602 3863 sylvestrem
615 3792 735 3855 animum,
746 3793 871 3863 cultuque
883 3791 1023 3863 frequenti,

303 3881 336 3934 ln
348 3896 521 3951 quascunque
533 3896 612 3932 voces
625 3886 704 3942 artes,
717 3879 789 3932 hand
802 3879 880 3932 tarda
893 3887 1045 3948 sequentur.

302 3966 342 4019 Ac
355 3965 421 4019 dum
433 3965 518 4033 prima
529 3964 606 4017 novis
618 3963 758 4018 frondibus
770 3973 843 4028 aetas,

301 4049 470 4104 Parcendum
481 4050 577 4103 teneris
582 4090 745 4105 ..........

302 4135 368 4189 lude
381 4135 429 4189 ubi
436 4135 492 4204 jam
504 4135 600 4189 validis
610 4137 737 4205 amplexae
750 4135 877 4204 stirpibus
890 4136 978 4188 ulmos

194 4323 209 4351 ¹
226 4314 321 4381 Gecrp.
335 4332 361 4379 4.
378 4328 435 4384 153.
586 4314 680 4366 alcia
694 4332 719 4379 4.
734 4330 793 4366 200.
948 4313 1039 4365 zlln'd.
1055 4329 1078 4366 2.
1093 4327 1136 4378 51.

662 4410 683 4473 3
703 4424 723 4473 c
