2768 4876
162 312 229 378 570
401 310 568 397 (Εάὶμαάὶς
582 311 670 397 apud
684 311 829 377 Colonum
844 311 932 376 luae.-
992 333 1081 375 rnnu
1103 333 1217 374 nuru.-

164 485 329 577 proscqui
350 483 513 568 solemne,
530 507 637 577 quarn
655 464 778 554 eorum
796 508 876 578 quae
902 495 1058 580 aguntur
1081 493 1216 557 tenore.

166 596 303 668 Fabula
319 597 405 688 ipsa,
424 620 495 667 uon
512 597 697 691 OEdipcdis
720 621 877 690 persona,
896 599 1036 690 capitur
1057 622 1101 670 ac
1122 599 1216 669 delc-

165 713 263 783 nitur
279 733 399 783 mcns:
426 737 508 804 quae
534 737 589 783 res
612 712 793 805 voluptate
811 714 954 806 quidem
980 737 1044 784 sua
1070 714 1214 783 minime

165 838 283 913 caret;
310 852 355 898 111
376 851 456 899 vero
478 853 520 899 ea
538 829 699 921 voluptas
722 829 883 923 legitime
908 829 1107 922 assignetur
1124 829 1212 907 Poc-

165 954 282 1016 tarum
301 947 380 1028 arti,
399 968 470 1014 non
487 946 554 1014 erit
571 945 676 1036 hujus
693 946 905 1036 quaestionis·

216 1059 285 1130 His
310 1055 432 1153 itaque
457 1062 502 1131 ad
525 1071 667 1152 tempus
688 1061 833 1143 omissis,
854 1062 1035 1130 veniamus
1060 1060 1106 1130 ad
1129 1059 1215 1130 altc-

165 1198 240 1246 ram
266 1176 364 1246 illam
382 1178 479 1269 quasi
507 1177 605 1270 regni
629 1178 759 1268 poetici
783 1178 1133 1268 provinciam,.qucm
1152 1175 1215 1263 (fa-

166 1302 244 1362 teor
261 1293 372 1382 enim)
393 1316 492 1385 paene
514 1293 679 1374 adducor,
697 1300 739 1361 ut
757 1292 924 1384 Sophocli
949 1291 1213 1362 concedendum

165 1417 310 1500 putem:
342 1432 448 1500 quarn
474 1409 584 1479 nostia
607 1411 733 1500 utique
760 1408 862 1478 sitam
895 1432 971 1479 esse
997 1409 1035 1477 in
1064 1407 1213 1480 Naturae

165 1534 272 1616 atque
296 1527 334 1595 in
359 1524 515 1596 locorum
543 1524 738 1595 admonitu.
792 1523 915 1615 Atque
942 1526 978 1593 in
1007 1549 1051 1594 eo
1076 1547 1213 1618 genere,

166 1662 337 1710 consensu
369 1641 538 1723 omnium,
566 1642 696 1733 primas
725 1641 821 1709 inter
850 1640 1049 1732 Sophoclea
1079 1639 1215 1710 tenebit

166 1765 244 1827 tum
262 1757 450 1827 dulcedine
474 1766 551 1826 tum
577 1756 760 1850 gravitate,
779 1755 929 1848 OEdipus
951 1756 1013 1826 illc
1036 1755 1216 1849 111111100-

166 1871 300 1942 ionum.
354 1872 473 1943 Senex
511 1874 676 1941 nimirum
714 1872 908 1964 Sophocles
938 1896 1018 1942 cum
1046 1871 1216 1964 OEdipum

166 2010 286 2058 senem
314 1989 456 2058 innuas
484 1987 647 2057 Athenas
673 1989 873 2070 deduceret,
891 2012 972 2079 quae
999 1987 1117 2057 fatalis
1143 1995 1217 2056 erat

166 2102 333 2195 OEdipodi
355 2106 504 2195 requies,
522 2127 593 2172 nou
617 2105 734 2196 potuit
758 2127 829 2173 non
855 2104 1054 2174 mirandum
1080 2105 1118 2172 in
1143 2125 1217 2171 mo-

167 2220 253 2290 dum
287 2221 512 2302 commoveri,
547 2221 640 2289 notis
674 2219 771 2302 iociS,
805 2221 976 2289 memoria
1005 2220 1216 2311 juventutis,

126 2324 128 2329 Α
167 2359 291 2408 eorum
317 2359 399 2406 cum
427 2337 548 2428 primis
574 2337 760 2405 numinum
791 2336 986 2427 praesentia,
1012 2358 1101 2427 quae,
1131 2357 1219 2426 puer

167 2475 250 2522 cum
280 2461 383 2533 esset,
410 2452 484 2542 ipse
510 2473 592 2519 cum
622 2451 693 2520 suis
721 2449 889 2520 coluerat.
942 2449 1083 2519 Deinde
1111 2472 1216 2541 qnam

168 2577 329 2640 sanctum
353 2557 453 2651 illud,
471 2590 576 2658 quam
601 2590 716 2659 grave,
735 2591 842 2658 quam
868 2566 973 2660 longe
998 2575 1218 2637 remotuma

168 2682 303 2776 vulgari
320 2682 386 2753 hac
405 2685 490 2752 vitae
509 2684 776 2764 consuetudine,
787 2683 881 2774 qucd
897 2683 1025 2752 Manes
1043 2683 1217 2774 praecipue

126 2821 131 2829 ·
168 2798 340 2892 benignos
362 2800 491 2868 habeat
517 2822 588 2867 non
616 2796 730 2867 solum
757 2796 883 2868 Attica
909 2820 980 2880 sua,
1007 2805 1217 2866 cunctorum

168 2914 301 3006 ubique
330 2915 539 2984 miserorum
565 2915 763 2983 communis
793 2921 915 3005 portus
941 2922 978 2983 et
1004 2912 1216 3006 perfugium,

169 3053 291 3101 verum
315 3031 423 3122 ipsius
446 3053 585 3120 quoque
613 3030 844 3120 municipium
875 3053 915 3099 ac
944 3027 1058 3100 solum
1089 3027 1217 3108 natale,

168 3147 278 3215 immo
307 3146 415 3215 etiam
443 3168 537 3227 saxa,
564 3146 689 3225 fonteS,
716 3144 866 3224 etheree,
892 3143 1069 3233 quibus'a
1096 3149 1218 3211 tenera

168 3260 391 3353 potissimum
413 3268 522 3332 aetate
543 3259 753 3328 insueverat.
806 3257 976 3349 Properat
993 3257 1119 3347 utique
1136 3255 1218 3324 Tra-

169 3377 293 3469 goediae
316 3376 417 3444 initio
440 3376 657 3444 mentionem
682 3375 798 3443 facere
822 3372 979 3442 locorum
1000 3372 1066 3442 sibi
1085 3370 1218 3441 carissi·

169 3513 308 3560 morum
320 3501 345 3572 Β,

344 3603 424 3672 πατὲμ
438 3599 578 3671 ταλαίπωρ’
594 3598 710 3664 Οἶδίπου,
723 3601 819 3672 πυργοὶ
830 3601 885 3671 μὲν,
899 3597 923 3654 οἳ

345 3689 422 3740 πάλιν
435 3687 583 3758 στέγουσιν,
597 3688 631 3743 ὥς
643 3686 685 3741 ἀπ’
698 3687 826 3757 ὀμμάτων,
839 3689 939 3756 πρόσω·

280 3828 283 3834 ,
345 3779 431 3844 χῶρος
442 3772 464 3826 δ’
478 3772 514 3826 ὅδ’
529 3775 604 3842 ἱερὸς,
617 3773 652 3827 ὥς
665 3773 812 3835 ἀπεικάσαι,
824 3771 912 3841 βρύων

347 3858 455 3928 δάφνης,
468 3856 565 3919 ἐλαίας,
578 3856 703 3923 ἀμπέλου·
723 3858 893 3924 πυκνόπτεμοι
906 3851 928 3908 δ’

326 3930 409 3998 Ἰνεἵσω
422 3941 475 3997 κατ’
488 3944 566 3997 αὐτὸν
578 3940 733 4010 εὐστομαῦσ’
746 3942 859 4010 ἀηδόνες.

346 4029 376 4083 οὗ
389 4032 459 4084 κῶλα
472 4030 577 4100 κάμψαν
589 4027 648 4100 τῷδ’
661 4028 699 4082 ἐπ’
713 4028 814 4100 άξέατῳ
827 4028 922 4100 πέτρῳ.
933 4015 936 4023 ¹

222 4143 290 4213 His
308 4144 441 4234 optime
464 4145 676 4235 respondent
697 4153 774 4211 tum
798 4144 892 4210 omui
914 4141 1069 4210 carmine
1093 4139 1216 4230 saepius

548 4332 551 4348 '
585 4338 675 4391 ssOEd.
692 4337 747 4391 Col.
764 4354 804 4401 14.
