2768 4876
163 348 257 388 rana.
271 347 381 388 xxxix.
411 324 546 389 Praedo
559 344 683 408 ccupare
694 324 829 385 Deorum
842 323 1026 407 interpretes.
1146 321 1211 390 793

308 493 396 552 Quam
409 495 494 547 multa
505 493 534 547 in
546 494 634 563 sylvas
646 493 736 547 avium
748 509 777 545 se
788 491 871 544 millia
882 490 1011 553 condunt,

307 579 410 650 Vesper
421 580 478 643 ubi,
490 588 536 634 aut
547 579 684 650 hybernus
696 578 751 649 agit
763 576 796 631 de
807 577 945 632 montibus
956 576 1049 631 imber.

167 693 227 764 Ad
245 716 432 764 numerum
455 693 561 763 modo
586 692 835 784 explicandum
853 691 914 760 vix
935 711 1023 781 opus
1044 697 1120 760 erat
1146 690 1213 759 ista

167 809 381 879 similitudo:
413 809 474 878 sed
503 809 624 900 quidni
652 830 729 877 eam
760 807 839 877 ideo
866 805 1066 875 adhibuerit
1090 804 1212 888 Poeta,

168 926 261 1016 quod
280 926 417 996 assiduo
436 926 512 1016 jam
530 947 596 994 usu
614 924 784 994 didicerat
806 922 894 992 illud
913 921 1083 1004 Platonis,
1098 920 1213 992 “Om-

168 1043 234 1122 nia,
253 1065 330 1132 quae
356 1043 393 1110 in
417 1040 483 1112 hae
501 1041 574 1109 rita
595 1041 733 1122 adsunt,
751 1039 1018 1109 meditationem
1036 1037 1212 1128 quandam

168 1158 290 1226 mortis
308 1156 431 1227 afferre
448 1155 665 1248 sapientibus
675 1155 709 1224 ?”

215 1272 301 1343 Alia
317 1282 415 1343 certe
431 1272 578 1341 minime
596 1279 678 1341 sunt
696 1270 812 1352 dubia,
827 1269 926 1360 siqua
944 1267 1101 1338 Deorum
1114 1269 1213 1360 jussa

168 1389 445 1480 interpretantur
471 1388 545 1458 sive
570 1410 652 1457 aves
679 1409 741 1456 seu
768 1394 895 1455 caetera
915 1384 1088 1454 animalia.
1141 1382 1213 1452 Res

167 1502 243 1594 ipsa
269 1503 420 1573 debetur
445 1502 673 1596 religionibus
703 1502 779 1593 ejus
804 1501 996 1591 temporis3
1036 1498 1214 1590 scriptoris

167 1629 232 1704 est,
251 1619 459 1691 commorari
483 1621 521 1689 in
542 1641 585 1688 ea
605 1641 687 1688 cum
710 1618 889 1709 praecipua
914 1615 1064 1707 quadam
1091 1614 1214 1705 volup-

166 1743 252 1805 tate.
305 1734 438 1805 Nescio
455 1744 587 1816 autem,
605 1757 650 1804 an
667 1756 839 1824 nusquam
861 1733 973 1824 magis
991 1731 1057 1802 sibi
1075 1731 1213 1823 placere

168 1851 330 1922 videatur
364 1850 549 1944 Virgilius,
584 1872 690 1942 quam
729 1849 791 1917 ubi
829 1847 987 1917 canenda
1029 1854 1112 1916 sunt
1152 1846 1214 1915 illa

168 1966 317 2037 oracula.
369 1965 502 2048 AEneae‚
521 1964 618 2034 verbi
645 1987 761 2046 causa,
784 1963 902 2033 subito
926 1962 1010 2031 visae
1033 1984 1214 2031 common-

166 2090 280 2152 strant
297 2103 443 2151 aureum
463 2102 599 2150 ramum
614 2079 791 2149 'columbae
808 2077 996 2171 geminaen.

308 2208 371 2278 lpse
382 2207 433 2263 sub
447 2225 493 2262 ora
504 2208 554 2262 vin'
566 2209 631 2262 caelo
643 2225 737 2262 venere
749 2207 878 2269 volantes,

308 2295 344 2348 Et
356 2293 433 2348 viridi
446 2293 536 2348 sedere
549 2295 606 2347 solo
622 2334 628 2349 .
643 2334 649 2346 .
665 2333 671 2346 .

308 2380 449 2434 Pascentes
462 2381 513 2434 illae
523 2388 630 2434 tantum
643 2379 749 2450 prodire
761 2377 877 2434 volendo

309 2467 448 2526 Quantum
461 2468 515 2520 acie
527 2476 637 2536 possent
648 2466 719 2520 oculi
731 2482 834 2519 servare
848 2471 1015 2534 sequentum.

167 2573 253 2644 Post
271 2573 400 2665 paullo,

307 2684 417 2738 Tollunt
430 2702 458 2738 se
470 2685 576 2748 celeres,
588 2682 773 2755 liquidumque
785 2700 831 2752 per
843 2699 904 2735 aera
913 2683 995 2752 lapsoe

309 2770 424 2826 Sedibus
436 2772 532 2843 optatis
545 2772 658 2842 geminae
671 2787 751 2839 super
766 2769 860 2824 arbore
874 2767 974 2831 sidunt,

309 2858 432 2912 Discolor
443 2858 516 2913 unde
528 2859 585 2912 auri
597 2876 644 2928 per
655 2874 744 2910 ramos
756 2873 821 2909 aura
833 2855 945 2909 refulsit.

168 2968 269 3038 Nihil
287 2979 349 3040 aut
366 2972 545 3063 pulchrius
566 2978 629 3041 aut
647 2971 732 3053 veri,
749 2971 865 3051 credo,
883 2968 1037 3060 propina,
1056 2965 1149 3058 quod
1168 2966 1212 3035 ad

166 3109 282 3157 mores
314 3097 451 3180 spectat
485 3097 523 3158 ct
558 3089 713 3180 speciem
752 3089 827 3179 ejus
863 3089 963 3156 avis:
1006 3085 1095 3154 illud
1130 3108 1213 3154 vero

167 3202 325 3271 omnium
356 3212 394 3273 et
422 3203 710 3296 pulcherrimum,
740 3211 849 3271 etex
876 3200 1214 3294 ejusphilosophiae

166 3314 246 3408 lege
270 3319 500 3400 verissimum,
524 3318 618 3410 quod
641 3326 806 3387 materne
831 3326 931 3386 eraut
957 3338 1062 3399 aves3
1093 3317 1214 3407 itaque

166 3432 218 3499 ita
234 3430 356 3503 liberae
374 3433 581 3514 volitabant,
601 3442 641 3502 ut
659 3434 830 3502 instinctu
848 3432 967 3500 divino
992 3432 1140 3500 minime
1157 3454 1215 3501 ca-

165 3553 295 3615 rerent.

215 3660 309 3743 Jam,
328 3662 418 3730 sicut
444 3661 501 3731 bic
526 3684 589 3752 par
614 3660 867 3743 columbarum,
886 3661 989 3731 sicin
1009 3659 1213 3729 Laocoonte

165 3774 255 3844 illud
289 3776 441 3845 alterum
473 3778 664 3846 draconum
698 3799 761 3867 par
790 3778 924 3866 optime
952 3775 1117 3856 declarat,
1143 3797 1213 3866 qua

165 3900 296 3972 menta,
316 3892 446 3983 quibus⁴
461 3891 571 3961 oculis
593 3892 770 3982 aspexerit
788 3890 961 3984 Virgilius
979 3913 1084 3960 omne
1101 3911 1213 3982 genus

165 4006 409 4074 animantium.
463 4004 559 4074 Hinc
586 4007 694 4074 noxia
722 4014 760 4073 et
792 4006 918 4074 acerba
943 4007 1072 4088 omnia,
1101 4014 1138 4074 et
1167 4005 1212 4075 ad

165 4119 401 4200 severitatem,
420 4128 460 4187 ut
478 4118 566 4188 nibil
589 4121 710 4210 magis,
729 4130 952 4210 comparata:
979 4119 1076 4189 illinc
1095 4120 1212 4189 dulcia

580 4328 595 4356 ¹¹
613 4319 681 4373 AEa.
695 4318 720 4371 6.
737 4335 796 4389 191.
