2768 4876
318 1353 674 1436 PRAELECTIO
705 1354 1049 1437 TRIGESIMA.

614 1667 757 1677 --

170 1870 205 1924 De
218 1872 307 1925 Poetis
323 1873 395 1926 ruris
412 1873 576 1932 amentibus:
595 1875 694 1927 ome
711 1873 741 1927 id
754 1891 835 1943 pensu
848 1881 912 1944 post
929 1893 982 1939 eos,
999 1876 1045 1946 poi
1063 1876 1090 1928 in
1108 1877 1209 1929 actione

198 1966 387 2027 reputemur:
405 1960 649 2029 Graeeioemapnam
655 1967 768 2030 purtem,
779 1960 899 2028 diffinisse.
925 1961 1210 2031 Espeoduntureurum

197 2061 282 2098 renen
299 2046 429 2099 rationes:
449 2047 633 2114 eonfinnentur
648 2063 664 2098 e
681 2046 766 2099 lilerio
783 2053 836 2099 tum
853 2046 1000 2110 Hebraicis,
1014 2055 1066 2101 tum
1076 2047 1209 2102 Christia-

196 2130 254 2183 nis.-
277 2131 392 2194 motor,
405 2132 511 2201 εἰωθυῖα
527 2149 574 2185 suo
592 2138 705 2202 tempore
718 2150 815 2201 ponere
833 2132 950 2196 Poeseos,
966 2132 1125 2201 Μέντωρ
1142 2133 1208 2197 Deo,

195 2233 317 2286 espeisse.

250 2388 378 2460 ENIO
400 2413 494 2460 nuno
517 2392 562 2460 ad
583 2392 672 2461 mnis
689 2397 883 2461 amatores:
910 2413 992 2460 nem
1010 2413 1053 2460 eo
1071 2391 1210 2483 potissi-

272 2526 371 2574 mum
400 2506 543 2575 nomine
568 2505 747 2598 appellare
775 2505 894 2596 placet
920 2529 1085 2598 magnum
1111 2504 1209 2576 illam

163 2620 311 2691 alteram
324 2619 515 2690 Poetarum
525 2623 623 2712 quasi
641 2621 824 2705 familiam,
835 2644 985 2713 quorum
1003 2644 1110 2713 opera
1124 2624 1208 2713 poni

161 2737 252 2806 solet
268 2759 340 2805 nou
362 2738 399 2806 in
420 2736 525 2806 rebus
547 2738 710 2829 gerendis
730 2745 838 2828 atque
863 2737 901 2805 in
925 2736 1074 2807 fortunis
1097 2737 1210 2807 homi-

162 2874 259 2934 num,
276 2852 339 2922 sed
360 2852 397 2921 in
414 2850 628 2934 fluminibus,
645 2854 708 2922 sed
731 2854 768 2921 in
791 2851 907 2945 sylvis,
926 2850 988 2920 sed
1006 2852 1042 2920 in
1060 2855 1154 2923 saxis
1172 2861 1209 2923 et

161 2967 418 3048 solitudinibus,
445 2967 508 3036 sed
538 2969 575 3037 in
605 2968 758 3038 ferarum
788 2968 906 3037 lustsis
935 2976 1043 3058 etque
1070 2970 1208 3041 avium:

161 3083 268 3152 verbo
291 3083 416 3164 dicatu,
439 3083 476 3155 in
498 3085 596 3152 omni
621 3083 683 3153 ille
707 3084 887 3166 varietate,
904 3107 975 3175 qua
999 3085 1116 3176 pinxit
1135 3085 1210 3156 Ns·

160 3203 240 3267 tura
256 3205 430 3268 terrorum
457 3220 498 3269 ao
519 3197 596 3267 oaeli
614 3199 752 3268 faeiem.
805 3197 891 3266 Non
908 3221 978 3288 quo
996 3200 1208 3283 existimem,

161 3312 229 3383 duo
256 3312 335 3384 haeo
364 3335 495 3405 genera
523 3313 617 3383 notis
644 3313 736 3383 odeo
766 3313 871 3383 sestis
893 3335 939 3382 no
966 3316 1210 3386 constantibus

161 3428 298 3499 definiri
314 3450 416 3520 posse
432 3437 471 3497 et
487 3429 669 3522 distingui,
685 3444 727 3498 ut
745 3429 866 3498 statim
887 3439 1056 3520 agnoscat
1073 3430 1225 3528 aliquis,¹

161 3552 195 3614 et
213 3541 314 3612 velut
331 3565 378 3612 ex
394 3543 513 3613 edicto
528 3543 751 3635 pronunciet,
767 3544 840 3612 utri
863 3544 982 3635 potius
999 3545 1208 3636 seniptomm

161 3659 273 3727 ordini
291 3657 350 3728 hio
368 3657 424 3728 vel
442 3658 502 3728 ille
519 3658 769 3729 adscribendus
786 3659 843 3727 sit
887 3657 1102 3728 Aoouratam
1119 3659 1209 3727 adeo

160 3772 357 3843 finitionem
375 3775 435 3843 vix
456 3783 493 3844 et
514 3797 561 3844 ne
583 3774 644 3842 vix
660 3774 808 3865 quidem
835 3772 1066 3844 humanarum
1090 3795 1208 3842 rerum

159 3889 248 3958 ratio
277 3890 421 3980 patitur.
474 3889 528 3960 Ut
551 3890 650 3959 enim
678 3890 717 3958 iu
744 3890 817 3958 vita
843 3896 880 3958 et
906 3891 1072 3972 motibus,
1095 3890 1147 3958 ita
1172 3888 1210 3957 in

160 4001 263 4075 Poesi
283 4027 434 4096 quoque,
452 4004 599 4075 mirifioe
616 4005 876 4095 quodammodo
894 4006 986 4075 inter
1006 4029 1045 4076 se
1070 4005 1209 4074 misceri

160 4121 331 4192 sentimus
352 4120 435 4191 hino
456 4121 612 4190 indolem
630 4120 800 4210 cujusque
818 4128 855 4190 et
872 4120 1094 4191 fortunarum
1111 4120 1210 4190 habi-

160 4244 248 4319 tum,
272 4235 371 4307 illino
396 4244 544 4308 externa
564 4258 646 4329 quae
670 4242 862 4320 vocantur;
888 4235 963 4306 eaeli
989 4236 1209 4328 temperiem,

630 4359 731 4424 nrt
