2768 4876
162 332 258 378 runt·
270 333 376 376 xxvrr.
405 321 470 377 aaa
481 312 545 398 epu·
557 311 737 388 ονεάεόοιιεῑ
751 315 927 399 pratorum
941 316 1114 382 Pindum.
1151 321 1217 383 tte

164 481 387 553 celeberrimi
408 483 590 553 Poematis
615 484 782 565 exordio;
807 485 836 554 si
862 484 965 566 forte,
985 486 1081 575 quod
1106 495 1214 578 eaput

164 604 220 666 est
252 595 430 665 universae
459 596 661 665 criticorum
692 595 786 676 artis,
814 596 921 666 rebus
956 619 1080 688 parum
1114 600 1215 669 novis

165 732 257 780 nova
273 709 340 778 lux
356 710 489 801 poterit
505 709 652 778 immitti
663 719 686 778 ⁸.

270 851 375 922 χρυσία
395 853 523 924 φόρμιγξ,
539 851 708 909 ’Λπόλλωνος
725 853 768 907 καὶ
786 852 950 924 ἰοπλοκάμων
968 852 1089 909 σύνδικον
1110 859 1214 912 Μοισᾶν

308 958 422 993 Umor·

166 1069 348 1154 Quorsum
369 1067 469 1150 illud,
488 1065 635 1138 σύνδικον
650 1068 805 1151 κτέανον;
833 1069 965 1140 Nonne
984 1072 1083 1141 ineo
1101 1095 1217 1144 versa-

166 1192 225 1252 tur
252 1183 439 1266 Pindarus,
467 1192 510 1253 ut
543 1183 671 1254 doceat
701 1182 907 1266 Hieronem,
937 1185 1216 1256 instrumentum

167 1320 273 1367 omne
300 1298 481 1390 poetioum
505 1299 653 1368 minime
672 1299 717 1368 ad
738 1299 960 1391 voluptatem
985 1299 1096 1370 solam
1117 1301 1217 1370 adhi-

166 1413 263 1496 beri3
291 1407 403 1482 immo
425 1415 470 1483 ad
490 1414 651 1483 Deorum
677 1412 831 1504 aliquem
856 1416 1042 1505 pertinere,
1069 1415 1215 1506 ejusque

167 1527 317 1619 imperia
337 1526 430 1597 velle
452 1529 621 1619 exsequi;
645 1551 711 1598 neo
736 1530 802 1598 nisi
828 1537 1034 1620 contempto
1059 1552 1112 1610 eo,
1134 1551 1218 1598 oon·

167 1643 281 1712 temni
298 1642 424 1739 posse?
467 1643 591 1735 Pergit
608 1643 774 1734 deinceps
799 1654 1004 1726 monstrare,
1022 1645 1146 1735 quanti
1163 1644 1217 1712 in-

166 1757 270 1828 tersit
300 1757 358 1826 vel
387 1758 432 1826 ad
461 1757 706 1829 beatissimum
735 1757 838 1828 illum
865 1759 941 1828 oaeli
972 1760 1144 1842 ordinem,
1173 1768 1216 1828 ut

167 1870 249 1964 lyrae
265 1872 482 1964 musicisque
498 1873 614 1965 modis
631 1882 728 1943 reete
745 1873 1022 1965 obtemperetur.

309 2015 353 2070 rol
364 2017 410 2071 τὸν
420 2013 549 2088 αἵχματαν
560 2018 682 2090 κε’ραυνον
694 2019 828 2086 σβεννάεις

309 2102 401 2157 άενάου
412 2105 502 2175 πυρός·
521 2103 589 2159 εὕδει
601 2105 623 2159 δ’
636 2105 684 2161 dud
696 2107 804 2180 σκάπτῳ
816 2108 878 2163 Διδς

310 2186 403 2253 αἶετος,
411 2190 502 2244 ὦκεῑαν
512 2190 616 2262 πτεράγ’
625 2191 810 2263 α’μφοτέρωθεν
821 2193 956 2264 χαλάξαις·
961 2231 1054 2247 ......
1064 2194 1129 2260 κῆλα
1138 2192 1166 2247 δὲ
1175 2195 1217 2248 sal

310 2274 524 2432 θελμιάιώφωράνας,
540 2361 608 2432 ἄμφι
624 2384 653 2416 τε
669 2362 782 2416 Λατοίδα
800 2361 895 2434 σοφίᾳ,
912 2361 1086 2427 βαθυκόλπων
1103 2383 1131 2415 τε
1151 2368 1216 2414 Μαι·

345 2449 406 2501 σᾶν.

170 2566 321 2652 Deinde,
339 2570 481 2660 nequis
503 2591 667 2661 spernere
689 2569 819 2640 audeat
844 2571 1085 2664 gravissimam
1104 2568 1217 2660 Supe-

169 2707 286 2752 rorum
313 2685 488 2767 nunciam,
508 2684 646 2766 Poesin,
664 2684 784 2754 videte
801 2684 921 2776 quales
942 2685 1018 2776 ejus
1043 2691 1215 2777 proponat

170 2800 268 2869 nobis
285 2798 470 2869 inimicos:

344 2933 417 2989 ὅσσα
429 2934 457 2988 δὲ
468 2933 503 3004 μὴ
514 2934 644 3004 πεφίληκε
656 2934 726 2999 Ζεὺς,
738 2933 871 3001 άτυζόνται
882 2936 950 3000 βόαν

344 3019 473 3091 Πιερίδων
483 3018 580 3084 ἀΐοντα,
592 3023 642 3091 γᾶν
652 3042 681 3074 τε
693 3017 735 3074 καὶ
745 3023 841 3075 πόντον
851 3019 905 3073 κατ’
917 3019 1095 3089 ἀμαιμάκετον,

345 3103 375 3160 ὅς
385 3103 407 3159 τ’
420 3105 449 3159 ἐν
459 3105 515 3176 αἶνᾷ
526 3107 649 3178 Ταρτάρῳ
661 3108 749 3170 κεῖται,
762 3106 827 3160 θεῶν
837 3105 970 3176 πολεμίας,

344 3189 439 3262 Τόφως
450 3192 688 3262 ἑκατοντακάρανος.

217 3310 276 3382 Ao
298 3334 345 3381 ne
367 3314 424 3382 oui
447 3313 606 3406 frigidius
631 3313 756 3384 feoisse
777 3314 908 3398 videar,
930 3312 1023 3405 quod
1050 3313 1087 3381 in
1113 3320 1214 3382 tauto

170 3427 368 3497 ardentium
378 3427 567 3497 verborum
579 3427 765 3518 splendore
775 3451 967 3520 quaererem
979 3427 1102 3497 Poetae
1116 3427 1215 3498 velut

169 3540 447 3633 philosophantis
463 3541 670 3624 consilium3
696 3564 768 3611 non
785 3543 950 3634 equidem
976 3541 1137 3634 intelligo
1154 3565 1215 3634 pa·

169 3663 245 3724 rata
275 3677 358 3724 eum
388 3656 504 3726 dicere
533 3655 694 3739 formula,
724 3657 855 3749 quippe
885 3657 1069 3748 abreptum
1101 3663 1143 3723 ut
1172 3655 1214 3723 fit

171 3776 256 3837 aestu
276 3767 472 3838 fervidioris
497 3769 640 3862 ingenii.
692 3768 764 3839 Sed
788 3779 907 3839 tamen
932 3770 969 3838 iu
995 3769 1056 3837 illo
1073 3791 1214 3858 quoque

170 3877 357 3948 verborum
375 3887 412 3948 et
429 3881 686 3974 cogitationum
708 3882 806 3973 quasi
831 3883 990 3952 tumultu
1015 3883 1213 3975 putandum

171 4000 223 4062 est
257 3992 401 4062 subesse
435 4015 577 4064 sensum
614 3994 768 4086 aliquem
804 3997 848 4066 de
886 3997 1112 4091 gravioribua
1143 4020 1213 4087 quo

172 4112 338 4199 tanquam
363 4107 519 4199 pondere
539 4107 703 4199 depressa
727 4110 825 4178 navis
852 4110 980 4180 fortem
1006 4119 1213 4199 rectumque

599 4315 608 4339 ⁸
626 4307 704 4376 Pytu.
721 4323 743 4361 1.
760 4323 782 4360 1.
