<?xml version="1.0" encoding="UTF-8"?>
<!DOCTYPE html PUBLIC "-//W3C//DTD XHTML 1.0 Transitional//EN"
    "http://www.w3.org/TR/xhtml1/DTD/xhtml1-transitional.dtd">
<html xmlns="http://www.w3.org/1999/xhtml" xml:lang="en" lang="en">
 <head>
  <title>
</title>
<meta http-equiv="Content-Type" content="text/html;charset=utf-8" />
  <meta name='ocr-system' content='tesseract 3.04.00' />
  <meta name='ocr-capabilities' content='ocr_page ocr_carea ocr_par ocr_line ocrx_word'/>
</head>
<body>
  <div class='ocr_page' id='page_1' title='image "./depoeticaevimed00keblgoog_0043.png"; bbox 0 0 2768 4876; ppageno 0'>
   <div class='ocr_carea' id='block_1_1' title="bbox 163 236 1211 370">
    <p class='ocr_par' dir='ltr' id='par_1_1' title="bbox 163 236 1211 370">
     <span class='ocr_line' id='line_1_1' title="bbox 163 236 1211 370; baseline 0.006 -26"><span class='ocrx_word' id='word_1_1' title='bbox 163 283 229 370; x_wconf 66' lang='lat'>4182</span> <span class='ocrx_word' id='word_1_2' title='bbox 409 284 459 353; x_wconf 77' lang='lat' dir='ltr'>Dc</span> <span class='ocrx_word' id='word_1_3' title='bbox 472 236 585 350; x_wconf 79' lang='lat' dir='ltr'>Foro‘l&#39;r</span> <span class='ocrx_word' id='word_1_4' title='bbox 602 284 933 362; x_wconf 62' lang='lat' dir='ltr'>marcomannicam,</span> <span class='ocrx_word' id='word_1_5' title='bbox 1023 306 1211 350; x_wconf 71' lang='lat' dir='ltr'>raauxxu.</span> 
     </span>
    </p>
   </div>
   <div class='ocr_carea' id='block_1_2' title="bbox 119 453 1217 4150">
    <p class='ocr_par' dir='ltr' id='par_1_2' title="bbox 164 453 1214 666">
     <span class='ocr_line' id='line_1_2' title="bbox 165 453 1214 550; baseline 0.003 -28"><span class='ocrx_word' id='word_1_6' title='bbox 165 453 228 522; x_wconf 91' lang='lat' dir='ltr'>lllo</span> <span class='ocrx_word' id='word_1_7' title='bbox 255 455 333 546; x_wconf 87' lang='lat' dir='ltr'>ipso</span> <span class='ocrx_word' id='word_1_8' title='bbox 356 461 517 547; x_wconf 87' lang='lat' dir='ltr'>tempore</span> <span class='ocrx_word' id='word_1_9' title='bbox 543 455 631 524; x_wconf 89' lang='lat' dir='ltr'>nihil</span> <span class='ocrx_word' id='word_1_10' title='bbox 660 479 731 525; x_wconf 90' lang='lat' dir='ltr'>non</span> <span class='ocrx_word' id='word_1_11' title='bbox 754 463 916 531; x_wconf 88' lang='lat' dir='ltr'>occurrat</span> <span class='ocrx_word' id='word_1_12' title='bbox 939 479 1079 550; x_wconf 84' lang='lat' dir='ltr'>angore,</span> <span class='ocrx_word' id='word_1_13' title='bbox 1101 464 1214 540; x_wconf 82' lang='lat' dir='ltr'>metu,</span> 
     </span>
     <span class='ocr_line' id='line_1_3' title="bbox 164 569 768 666; baseline 0.005 -27"><span class='ocrx_word' id='word_1_14' title='bbox 164 569 335 666; x_wconf 80' lang='lat' dir='ltr'>squalore,</span> <span class='ocrx_word' id='word_1_15' title='bbox 353 570 523 650; x_wconf 88' lang='lat' dir='ltr'>odiosum,</span> <span class='ocrx_word' id='word_1_16' title='bbox 542 571 768 661; x_wconf 75' lang='lat' dir='ltr'>foedumquet</span> 
     </span>
    </p>

    <p class='ocr_par' dir='ltr' id='par_1_3' title="bbox 376 701 969 776">
     <span class='ocr_line' id='line_1_4' title="bbox 376 701 969 776; baseline 0.008 -19"><span class='ocrx_word' id='word_1_17' title='bbox 376 701 391 772; x_wconf 72' lang='grc' dir='ltr'><strong><em>ἦ</em></strong></span> <span class='ocrx_word' id='word_1_18' title='bbox 405 705 475 758; x_wconf 76' lang='grc' dir='ltr'>δεινὰ</span> <span class='ocrx_word' id='word_1_19' title='bbox 486 704 569 774; x_wconf 85' lang='grc' dir='ltr'>λέξαι,</span> <span class='ocrx_word' id='word_1_20' title='bbox 583 706 653 761; x_wconf 73' lang='grc' dir='ltr'>δεινὰ</span> <span class='ocrx_word' id='word_1_21' title='bbox 665 704 687 758; x_wconf 76' lang='grc' dir='ltr'>δ’</span> <span class='ocrx_word' id='word_1_22' title='bbox 700 705 848 776; x_wconf 78' lang='grc' dir='ltr'>ὀφθαλμοῖς</span> <span class='ocrx_word' id='word_1_23' title='bbox 859 707 969 776; x_wconf 80' lang='grc' dir='ltr'>δρακεῖν,</span> 
     </span>
    </p>

    <p class='ocr_par' dir='ltr' id='par_1_4' title="bbox 376 789 938 860">
     <span class='ocr_line' id='line_1_5' title="bbox 376 789 938 860; baseline 0.002 -16"><span class='ocrx_word' id='word_1_24' title='bbox 376 789 455 847; x_wconf 85' lang='grc' dir='ltr'>πάλιν</span> <span class='ocrx_word' id='word_1_25' title='bbox 466 789 491 859; x_wconf 88' lang='grc' dir='ltr'>μ’</span> <span class='ocrx_word' id='word_1_26' title='bbox 504 791 622 860; x_wconf 75' lang='grc' dir='ltr'>ἔπεμψεν</span> <span class='ocrx_word' id='word_1_27' title='bbox 634 791 662 844; x_wconf 86' lang='grc' dir='ltr'>έκ</span> <span class='ocrx_word' id='word_1_28' title='bbox 674 791 760 860; x_wconf 81' lang='grc' dir='ltr'>δόμων</span> <span class='ocrx_word' id='word_1_29' title='bbox 771 797 822 845; x_wconf 81' lang='grc' dir='ltr'>τῶν</span> <span class='ocrx_word' id='word_1_30' title='bbox 834 791 938 859; x_wconf 80' lang='grc' dir='ltr'>Λοξίου.</span> 
     </span>
    </p>

    <p class='ocr_par' dir='ltr' id='par_1_5' title="bbox 119 916 1217 2735">
     <span class='ocr_line' id='line_1_6' title="bbox 217 916 1217 1013; baseline 0.008 -29"><span class='ocrx_word' id='word_1_31' title='bbox 217 916 273 985; x_wconf 85' lang='lat' dir='ltr'>Ex</span> <span class='ocrx_word' id='word_1_32' title='bbox 300 941 370 1010; x_wconf 92' lang='lat' dir='ltr'>quo</span> <span class='ocrx_word' id='word_1_33' title='bbox 397 918 618 1012; x_wconf 82' lang='lat' dir='ltr'>intelligitur,</span> <span class='ocrx_word' id='word_1_34' title='bbox 643 943 749 1013; x_wconf 87' lang='lat' dir='ltr'>quam</span> <span class='ocrx_word' id='word_1_35' title='bbox 775 921 812 989; x_wconf 92' lang='lat' dir='ltr'>id</span> <span class='ocrx_word' id='word_1_36' title='bbox 841 927 970 1011; x_wconf 81' lang='lat' dir='ltr'>proeter</span> <span class='ocrx_word' id='word_1_37' title='bbox 994 943 1104 1012; x_wconf 88' lang='lat' dir='ltr'>spem,</span> <span class='ocrx_word' id='word_1_38' title='bbox 1125 944 1217 1013; x_wconf 85' lang='lat' dir='ltr'>prae·</span> 
     </span>
     <span class='ocr_line' id='line_1_7' title="bbox 166 1032 1216 1126; baseline 0.008 -28"><span class='ocrx_word' id='word_1_39' title='bbox 166 1040 290 1121; x_wconf 91' lang='lat' dir='ltr'>terque</span> <span class='ocrx_word' id='word_1_40' title='bbox 314 1032 533 1107; x_wconf 87' lang='lat' dir='ltr'>voluntatem</span> <span class='ocrx_word' id='word_1_41' title='bbox 557 1034 717 1107; x_wconf 88' lang='lat' dir='ltr'>accidere</span> <span class='ocrx_word' id='word_1_42' title='bbox 744 1034 865 1116; x_wconf 82' lang='lat' dir='ltr'>soleat,</span> <span class='ocrx_word' id='word_1_43' title='bbox 883 1036 978 1125; x_wconf 92' lang='lat' dir='ltr'>quod</span> <span class='ocrx_word' id='word_1_44' title='bbox 1000 1036 1050 1125; x_wconf 94' lang='lat' dir='ltr'>pii</span> <span class='ocrx_word' id='word_1_45' title='bbox 1074 1058 1216 1126; x_wconf 84' lang='lat' dir='ltr'>quoque</span> 
     </span>
     <span class='ocr_line' id='line_1_8' title="bbox 166 1147 1216 1241; baseline -0.002 -21"><span class='ocrx_word' id='word_1_46' title='bbox 166 1167 359 1237; x_wconf 80' lang='lat' dir='ltr'>gravesque</span> <span class='ocrx_word' id='word_1_47' title='bbox 386 1147 450 1221; x_wconf 82' lang='lat' dir='ltr'>viri</span> <span class='ocrx_word' id='word_1_48' title='bbox 476 1170 522 1216; x_wconf 91' lang='lat' dir='ltr'>ne</span> <span class='ocrx_word' id='word_1_49' title='bbox 547 1149 584 1223; x_wconf 89' lang='lat' dir='ltr'>in</span> <span class='ocrx_word' id='word_1_50' title='bbox 610 1149 737 1222; x_wconf 88' lang='lat' dir='ltr'>divinis</span> <span class='ocrx_word' id='word_1_51' title='bbox 763 1148 906 1241; x_wconf 86' lang='lat' dir='ltr'>quidem</span> <span class='ocrx_word' id='word_1_52' title='bbox 932 1148 1037 1222; x_wconf 91' lang='lat' dir='ltr'>rebus</span> <span class='ocrx_word' id='word_1_53' title='bbox 1062 1148 1216 1241; x_wconf 86' lang='lat' dir='ltr'>reperire</span> 
     </span>
     <span class='ocr_line' id='line_1_9' title="bbox 166 1261 1216 1355; baseline 0.001 -27"><span class='ocrx_word' id='word_1_54' title='bbox 166 1261 302 1350; x_wconf 84' lang='lat' dir='ltr'>possint</span> <span class='ocrx_word' id='word_1_55' title='bbox 331 1273 470 1353; x_wconf 85' lang='lat' dir='ltr'>semper</span> <span class='ocrx_word' id='word_1_56' title='bbox 500 1285 578 1331; x_wconf 89' lang='lat' dir='ltr'>eam</span> <span class='ocrx_word' id='word_1_57' title='bbox 608 1285 716 1352; x_wconf 89' lang='lat' dir='ltr'>quam</span> <span class='ocrx_word' id='word_1_58' title='bbox 745 1270 920 1353; x_wconf 87' lang='lat' dir='ltr'>expetunt</span> <span class='ocrx_word' id='word_1_59' title='bbox 949 1285 1094 1352; x_wconf 75' lang='lat' dir='ltr'>pacemz</span> <span class='ocrx_word' id='word_1_60' title='bbox 1129 1263 1216 1355; x_wconf 92' lang='lat' dir='ltr'>quin</span> 
     </span>
     <span class='ocr_line' id='line_1_10' title="bbox 119 1374 1217 1470; baseline 0.002 -28"><span class='ocrx_word' id='word_1_61' title='bbox 119 1427 124 1440; x_wconf 85' lang='grc'>,</span> <span class='ocrx_word' id='word_1_62' title='bbox 166 1374 259 1443; x_wconf 89' lang='lat' dir='ltr'>circa</span> <span class='ocrx_word' id='word_1_63' title='bbox 271 1397 347 1444; x_wconf 87' lang='lat' dir='ltr'>aras</span> <span class='ocrx_word' id='word_1_64' title='bbox 360 1376 468 1452; x_wconf 83' lang='lat' dir='ltr'>etiam</span> <span class='ocrx_word' id='word_1_65' title='bbox 482 1385 520 1451; x_wconf 87' lang='lat' dir='ltr'>et</span> <span class='ocrx_word' id='word_1_66' title='bbox 533 1377 640 1469; x_wconf 85' lang='lat' dir='ltr'>adyta</span> <span class='ocrx_word' id='word_1_67' title='bbox 656 1376 775 1446; x_wconf 88' lang='lat' dir='ltr'>nescio</span> <span class='ocrx_word' id='word_1_68' title='bbox 789 1377 966 1470; x_wconf 89' lang='lat' dir='ltr'>quomodo</span> <span class='ocrx_word' id='word_1_69' title='bbox 983 1385 1217 1468; x_wconf 81' lang='lat' dir='ltr'>torqueantur</span> 
     </span>
     <span class='ocr_line' id='line_1_11' title="bbox 166 1489 1216 1571; baseline -0.003 -11"><span class='ocrx_word' id='word_1_70' title='bbox 166 1489 287 1571; x_wconf 85' lang='lat' dir='ltr'>animi,</span> <span class='ocrx_word' id='word_1_71' title='bbox 315 1489 372 1558; x_wconf 85' lang='lat' dir='ltr'>rel</span> <span class='ocrx_word' id='word_1_72' title='bbox 405 1490 577 1559; x_wconf 88' lang='lat' dir='ltr'>memoria</span> <span class='ocrx_word' id='word_1_73' title='bbox 606 1489 827 1570; x_wconf 86' lang='lat' dir='ltr'>delictorum,</span> <span class='ocrx_word' id='word_1_74' title='bbox 858 1490 914 1559; x_wconf 88' lang='lat' dir='ltr'>vel</span> <span class='ocrx_word' id='word_1_75' title='bbox 942 1490 1117 1560; x_wconf 88' lang='lat' dir='ltr'>erroribus</span> <span class='ocrx_word' id='word_1_76' title='bbox 1145 1489 1216 1558; x_wconf 88' lang='lat' dir='ltr'>illis</span> 
     </span>
     <span class='ocr_line' id='line_1_12' title="bbox 167 1605 1216 1696; baseline 0 -24"><span class='ocrx_word' id='word_1_77' title='bbox 167 1612 325 1694; x_wconf 81' lang='lat' dir='ltr'>aestuque</span> <span class='ocrx_word' id='word_1_78' title='bbox 342 1612 513 1696; x_wconf 88' lang='lat' dir='ltr'>perpetuo</span> <span class='ocrx_word' id='word_1_79' title='bbox 531 1614 675 1696; x_wconf 88' lang='lat' dir='ltr'>propter</span> <span class='ocrx_word' id='word_1_80' title='bbox 692 1605 900 1696; x_wconf 86' lang='lat' dir='ltr'>inaequalem</span> <span class='ocrx_word' id='word_1_81' title='bbox 922 1605 1125 1678; x_wconf 88' lang='lat' dir='ltr'>mortalium</span> <span class='ocrx_word' id='word_1_82' title='bbox 1143 1627 1216 1674; x_wconf 87' lang='lat' dir='ltr'>sor-</span> 
     </span>
     <span class='ocr_line' id='line_1_13' title="bbox 166 1718 1215 1802; baseline 0.002 -14"><span class='ocrx_word' id='word_1_83' title='bbox 166 1727 252 1790; x_wconf 88' lang='lat' dir='ltr'>tem.</span> <span class='ocrx_word' id='word_1_84' title='bbox 303 1718 410 1802; x_wconf 82' lang='lat' dir='ltr'>Quod</span> <span class='ocrx_word' id='word_1_85' title='bbox 431 1721 526 1789; x_wconf 89' lang='lat' dir='ltr'>idem</span> <span class='ocrx_word' id='word_1_86' title='bbox 544 1721 664 1790; x_wconf 87' lang='lat' dir='ltr'>nescio</span> <span class='ocrx_word' id='word_1_87' title='bbox 683 1743 728 1790; x_wconf 92' lang='lat' dir='ltr'>an</span> <span class='ocrx_word' id='word_1_88' title='bbox 747 1720 803 1789; x_wconf 82' lang='lat' dir='ltr'>vel</span> <span class='ocrx_word' id='word_1_89' title='bbox 821 1721 1020 1790; x_wconf 82' lang='lat' dir='ltr'>evidentius</span> <span class='ocrx_word' id='word_1_90' title='bbox 1039 1721 1076 1789; x_wconf 91' lang='lat' dir='ltr'>in</span> <span class='ocrx_word' id='word_1_91' title='bbox 1094 1719 1215 1790; x_wconf 90' lang='lat' dir='ltr'>oculos</span> 
     </span>
     <span class='ocr_line' id='line_1_14' title="bbox 167 1834 1214 1928; baseline 0.001 -25"><span class='ocrx_word' id='word_1_92' title='bbox 167 1834 333 1916; x_wconf 82' lang='lat' dir='ltr'>incurrat,</span> <span class='ocrx_word' id='word_1_93' title='bbox 363 1836 493 1911; x_wconf 88' lang='lat' dir='ltr'>iterum</span> <span class='ocrx_word' id='word_1_94' title='bbox 519 1837 596 1928; x_wconf 90' lang='lat' dir='ltr'>jam</span> <span class='ocrx_word' id='word_1_95' title='bbox 625 1836 892 1928; x_wconf 86' lang='lat' dir='ltr'>insequentibus</span> <span class='ocrx_word' id='word_1_96' title='bbox 916 1834 1080 1906; x_wconf 86' lang='lat' dir='ltr'>Orestem</span> <span class='ocrx_word' id='word_1_97' title='bbox 1108 1835 1214 1915; x_wconf 86' lang='lat' dir='ltr'>Diris,</span> 
     </span>
     <span class='ocr_line' id='line_1_15' title="bbox 167 1948 1213 2043; baseline 0.002 -25"><span class='ocrx_word' id='word_1_98' title='bbox 167 1957 205 2018; x_wconf 87' lang='lat' dir='ltr'>et</span> <span class='ocrx_word' id='word_1_99' title='bbox 239 1973 260 2023; x_wconf 89' lang='lat' dir='ltr'>e</span> <span class='ocrx_word' id='word_1_100' title='bbox 295 1950 444 2042; x_wconf 77' lang='lat' dir='ltr'>vestigio</span> <span class='ocrx_word' id='word_1_101' title='bbox 484 1950 735 2041; x_wconf 84' lang='lat' dir='ltr'>apparentibus</span> <span class='ocrx_word' id='word_1_102' title='bbox 777 1951 814 2026; x_wconf 88' lang='lat' dir='ltr'>in</span> <span class='ocrx_word' id='word_1_103' title='bbox 852 1951 987 2043; x_wconf 88' lang='lat' dir='ltr'>templo</span> <span class='ocrx_word' id='word_1_104' title='bbox 1026 1948 1213 2026; x_wconf 83' lang='lat' dir='ltr'>Minerrae,</span> 
     </span>
     <span class='ocr_line' id='line_1_16' title="bbox 165 2062 1215 2157; baseline 0.004 -25"><span class='ocrx_word' id='word_1_105' title='bbox 165 2062 272 2146; x_wconf 84' lang='lat' dir='ltr'>Quod</span> <span class='ocrx_word' id='word_1_106' title='bbox 302 2065 330 2132; x_wconf 89' lang='lat' dir='ltr'>si</span> <span class='ocrx_word' id='word_1_107' title='bbox 360 2086 516 2154; x_wconf 87' lang='lat' dir='ltr'>unquam</span> <span class='ocrx_word' id='word_1_108' title='bbox 547 2064 621 2134; x_wconf 93' lang='lat' dir='ltr'>ullo</span> <span class='ocrx_word' id='word_1_109' title='bbox 651 2066 689 2133; x_wconf 91' lang='lat' dir='ltr'>iu</span> <span class='ocrx_word' id='word_1_110' title='bbox 722 2063 801 2134; x_wconf 93' lang='lat' dir='ltr'>loco</span> <span class='ocrx_word' id='word_1_111' title='bbox 832 2073 952 2138; x_wconf 86' lang='lat' dir='ltr'>tutum</span> <span class='ocrx_word' id='word_1_112' title='bbox 982 2073 1215 2157; x_wconf 86' lang='lat' dir='ltr'>sanctumque</span> 
     </span>
     <span class='ocr_line' id='line_1_17' title="bbox 167 2179 1216 2272; baseline 0.004 -25"><span class='ocrx_word' id='word_1_113' title='bbox 167 2187 331 2269; x_wconf 86' lang='lat' dir='ltr'>praestare</span> <span class='ocrx_word' id='word_1_114' title='bbox 361 2201 399 2248; x_wconf 89' lang='lat' dir='ltr'>se</span> <span class='ocrx_word' id='word_1_115' title='bbox 426 2188 545 2270; x_wconf 86' lang='lat' dir='ltr'>posset</span> <span class='ocrx_word' id='word_1_116' title='bbox 575 2179 711 2272; x_wconf 86' lang='lat' dir='ltr'>aliquis,</span> <span class='ocrx_word' id='word_1_117' title='bbox 740 2180 900 2249; x_wconf 80' lang='lat' dir='ltr'>crederes</span> <span class='ocrx_word' id='word_1_118' title='bbox 933 2179 1089 2270; x_wconf 88' lang='lat' dir='ltr'>periculo</span> <span class='ocrx_word' id='word_1_119' title='bbox 1117 2189 1216 2251; x_wconf 88' lang='lat' dir='ltr'>certe</span> 
     </span>
     <span class='ocr_line' id='line_1_18' title="bbox 168 2295 1216 2386; baseline 0.002 -24"><span class='ocrx_word' id='word_1_120' title='bbox 168 2316 291 2366; x_wconf 85' lang='lat' dir='ltr'>vacare</span> <span class='ocrx_word' id='word_1_121' title='bbox 309 2295 430 2368; x_wconf 82' lang='lat' dir='ltr'>fanum</span> <span class='ocrx_word' id='word_1_122' title='bbox 447 2295 536 2364; x_wconf 85' lang='lat' dir='ltr'>illud</span> <span class='ocrx_word' id='word_1_123' title='bbox 553 2296 700 2369; x_wconf 90' lang='lat' dir='ltr'>interius</span> <span class='ocrx_word' id='word_1_124' title='bbox 717 2305 755 2364; x_wconf 88' lang='lat' dir='ltr'>et</span> <span class='ocrx_word' id='word_1_125' title='bbox 773 2297 950 2376; x_wconf 85' lang='lat' dir='ltr'>secretins,</span> <span class='ocrx_word' id='word_1_126' title='bbox 964 2295 1216 2386; x_wconf 87' lang='lat' dir='ltr'>hominemque</span> 
     </span>
     <span class='ocr_line' id='line_1_19' title="bbox 167 2407 1215 2499; baseline 0 -23"><span class='ocrx_word' id='word_1_127' title='bbox 167 2407 339 2477; x_wconf 89' lang='lat' dir='ltr'>latentem</span> <span class='ocrx_word' id='word_1_128' title='bbox 364 2409 402 2476; x_wconf 90' lang='lat' dir='ltr'>iu</span> <span class='ocrx_word' id='word_1_129' title='bbox 427 2408 503 2499; x_wconf 88' lang='lat' dir='ltr'>ipsa</span> <span class='ocrx_word' id='word_1_130' title='bbox 527 2431 598 2476; x_wconf 90' lang='lat' dir='ltr'>nou</span> <span class='ocrx_word' id='word_1_131' title='bbox 620 2409 700 2477; x_wconf 89' lang='lat' dir='ltr'>dico</span> <span class='ocrx_word' id='word_1_132' title='bbox 724 2409 840 2478; x_wconf 88' lang='lat' dir='ltr'>tutela</span> <span class='ocrx_word' id='word_1_133' title='bbox 860 2432 984 2478; x_wconf 84' lang='lat' dir='ltr'>verum</span> <span class='ocrx_word' id='word_1_134' title='bbox 1009 2410 1117 2479; x_wconf 87' lang='lat' dir='ltr'>etiam</span> <span class='ocrx_word' id='word_1_135' title='bbox 1140 2431 1215 2477; x_wconf 89' lang='lat' dir='ltr'>am-</span> 
     </span>
     <span class='ocr_line' id='line_1_20' title="bbox 167 2522 1213 2615; baseline 0.003 -24"><span class='ocrx_word' id='word_1_136' title='bbox 167 2522 276 2615; x_wconf 85' lang='lat' dir='ltr'>plexu</span> <span class='ocrx_word' id='word_1_137' title='bbox 302 2524 399 2594; x_wconf 86' lang='lat' dir='ltr'>Deae.</span> <span class='ocrx_word' id='word_1_138' title='bbox 451 2523 588 2594; x_wconf 88' lang='lat' dir='ltr'>Verum</span> <span class='ocrx_word' id='word_1_139' title='bbox 620 2533 657 2592; x_wconf 92' lang='lat' dir='ltr'>et</span> <span class='ocrx_word' id='word_1_140' title='bbox 684 2523 733 2592; x_wconf 91' lang='lat' dir='ltr'>ibi</span> <span class='ocrx_word' id='word_1_141' title='bbox 764 2525 912 2594; x_wconf 91' lang='lat' dir='ltr'>minimo</span> <span class='ocrx_word' id='word_1_142' title='bbox 938 2523 1125 2601; x_wconf 84' lang='lat' dir='ltr'>intervallo</span> <span class='ocrx_word' id='word_1_143' title='bbox 1153 2524 1213 2597; x_wconf 89' lang='lat' dir='ltr'>ob·</span> 
     </span>
     <span class='ocr_line' id='line_1_21' title="bbox 167 2635 931 2735; baseline 0.009 -28"><span class='ocrx_word' id='word_1_144' title='bbox 167 2661 297 2718; x_wconf 81' lang='lat' dir='ltr'>sessam</span> <span class='ocrx_word' id='word_1_145' title='bbox 315 2647 440 2716; x_wconf 84' lang='lat' dir='ltr'>teuent</span> <span class='ocrx_word' id='word_1_146' title='bbox 458 2639 556 2735; x_wconf 85' lang='lat' dir='ltr'>quasi</span> <span class='ocrx_word' id='word_1_147' title='bbox 574 2638 771 2708; x_wconf 84' lang='lat' dir='ltr'>venatrices</span> <span class='ocrx_word' id='word_1_148' title='bbox 788 2635 931 2715; x_wconf 70' lang='lat' dir='ltr'>feramd.</span> 
     </span>
    </p>

    <p class='ocr_par' dir='ltr' id='par_1_6' title="bbox 377 2781 935 3025">
     <span class='ocr_line' id='line_1_22' title="bbox 377 2781 935 2855; baseline 0 -19"><span class='ocrx_word' id='word_1_149' title='bbox 377 2781 436 2838; x_wconf 79' lang='grc' dir='ltr'>εἶεν·</span> <span class='ocrx_word' id='word_1_150' title='bbox 455 2782 508 2836; x_wconf 70' lang='grc' dir='ltr'>τόδ’</span> <span class='ocrx_word' id='word_1_151' title='bbox 522 2783 580 2838; x_wconf 74' lang='grc' dir='ltr'>ἐστὶ</span> <span class='ocrx_word' id='word_1_152' title='bbox 591 2781 700 2855; x_wconf 76' lang='grc' dir='ltr'>τάνδρὸς</span> <span class='ocrx_word' id='word_1_153' title='bbox 712 2783 821 2853; x_wconf 71' lang='grc' dir='ltr'>ἐκφανὲς</span> <span class='ocrx_word' id='word_1_154' title='bbox 831 2782 935 2855; x_wconf 84' lang='grc' dir='ltr'>τέκμαρ.</span> 
     </span>
     <span class='ocr_line' id='line_1_23' title="bbox 377 2866 929 2939; baseline 0.002 -17"><span class='ocrx_word' id='word_1_155' title='bbox 377 2869 442 2929; x_wconf 76' lang='grc' dir='ltr'>,ἕπου</span> <span class='ocrx_word' id='word_1_156' title='bbox 454 2869 482 2922; x_wconf 82' lang='grc' dir='ltr'>δέ</span> <span class='ocrx_word' id='word_1_157' title='bbox 493 2871 636 2939; x_wconf 75' lang='grc' dir='ltr'>μηνυτῆρος</span> <span class='ocrx_word' id='word_1_158' title='bbox 647 2866 796 2938; x_wconf 74' lang='grc' dir='ltr'>ἀφθέγκτου</span> <span class='ocrx_word' id='word_1_159' title='bbox 808 2869 929 2938; x_wconf 81' lang='grc' dir='ltr'>φραδαῖς·</span> 
     </span>
     <span class='ocr_line' id='line_1_24' title="bbox 377 2953 926 3025; baseline 0 -17"><span class='ocrx_word' id='word_1_160' title='bbox 377 2953 627 3025; x_wconf 76' lang='grc' dir='ltr'>τετραυματισμένον</span> <span class='ocrx_word' id='word_1_161' title='bbox 638 2955 689 3025; x_wconf 83' lang='grc' dir='ltr'>γὰρ</span> <span class='ocrx_word' id='word_1_162' title='bbox 701 2955 736 3015; x_wconf 80' lang='grc' dir='ltr'>ὡς</span> <span class='ocrx_word' id='word_1_163' title='bbox 747 2953 813 3009; x_wconf 80' lang='grc' dir='ltr'>κύων</span> <span class='ocrx_word' id='word_1_164' title='bbox 824 2956 926 3024; x_wconf 82' lang='grc' dir='ltr'>νεβρὸν,</span> 
     </span>
    </p>

    <p class='ocr_par' dir='ltr' id='par_1_7' title="bbox 377 3037 1006 3280">
     <span class='ocr_line' id='line_1_25' title="bbox 378 3037 945 3110; baseline 0.007 -17"><span class='ocrx_word' id='word_1_165' title='bbox 378 3041 444 3110; x_wconf 76' lang='grc' dir='ltr'>πρὸς</span> <span class='ocrx_word' id='word_1_166' title='bbox 455 3037 517 3109; x_wconf 81' lang='grc' dir='ltr'>αἷμα</span> <span class='ocrx_word' id='word_1_167' title='bbox 529 3040 570 3100; x_wconf 79' lang='grc' dir='ltr'>καὶ</span> <span class='ocrx_word' id='word_1_168' title='bbox 582 3041 736 3110; x_wconf 82' lang='grc' dir='ltr'>σταλαγμὸν</span> <span class='ocrx_word' id='word_1_169' title='bbox 747 3039 945 3109; x_wconf 67' lang='grc' dir='ltr'>ε’κμαατεΰομεν,</span> 
     </span>
     <span class='ocr_line' id='line_1_26' title="bbox 382 3123 1006 3196; baseline 0.003 -19"><span class='ocrx_word' id='word_1_170' title='bbox 382 3123 488 3186; x_wconf 76' lang='grc' dir='ltr'><strong>,...ὁ’δ’</strong></span> <span class='ocrx_word' id='word_1_171' title='bbox 501 3123 563 3178; x_wconf 70' lang='grc' dir='ltr'>αὖτε</span> <span class='ocrx_word' id='word_1_172' title='bbox 573 3124 597 3195; x_wconf 89' lang='grc' dir='ltr'>γ’</span> <span class='ocrx_word' id='word_1_173' title='bbox 611 3126 656 3185; x_wconf 81' lang='grc' dir='ltr'>οὐκ</span> <span class='ocrx_word' id='word_1_174' title='bbox 668 3125 749 3180; x_wconf 79' lang='grc' dir='ltr'>ἅλκαν</span> <span class='ocrx_word' id='word_1_175' title='bbox 761 3127 837 3196; x_wconf 77' lang='grc' dir='ltr'>ἔχων,</span> <span class='ocrx_word' id='word_1_176' title='bbox 848 3127 908 3196; x_wconf 77' lang='grc' dir='ltr'>περὶ</span> <span class='ocrx_word' id='word_1_177' title='bbox 918 3125 1006 3195; x_wconf 82' lang='grc' dir='ltr'>βρέτει</span> 
     </span>
     <span class='ocr_line' id='line_1_27' title="bbox 377 3210 717 3280; baseline 0.009 -18"><span class='ocrx_word' id='word_1_178' title='bbox 377 3210 503 3280; x_wconf 70' lang='grc' dir='ltr'>πλεχθεὶς</span> <span class='ocrx_word' id='word_1_179' title='bbox 514 3211 574 3266; x_wconf 83' lang='grc' dir='ltr'>θεᾶς</span> <span class='ocrx_word' id='word_1_180' title='bbox 584 3211 717 3280; x_wconf 80' lang='grc' dir='ltr'>ἀμβρότου</span> 
     </span>
    </p>

    <p class='ocr_par' dir='ltr' id='par_1_8' title="bbox 379 3295 872 3373">
     <span class='ocr_line' id='line_1_28' title="bbox 379 3295 872 3373; baseline 0.002 -25"><span class='ocrx_word' id='word_1_181' title='bbox 379 3296 501 3357; x_wconf 73' lang='grc' dir='ltr'>ὑπόδικος</span> <span class='ocrx_word' id='word_1_182' title='bbox 512 3295 582 3350; x_wconf 84' lang='grc' dir='ltr'>θέλει</span> <span class='ocrx_word' id='word_1_183' title='bbox 593 3295 714 3367; x_wconf 83' lang='grc' dir='ltr'>γενέσθαι</span> <span class='ocrx_word' id='word_1_184' title='bbox 725 3302 819 3373; x_wconf 72' lang='grc' dir='ltr'>χερῶν</span> <span class='ocrx_word' id='word_1_185' title='bbox 869 3335 872 3339; x_wconf 61' lang='lat'><strong><em>‹</em></strong></span> 
     </span>
    </p>

    <p class='ocr_par' dir='ltr' id='par_1_9' title="bbox 379 3380 633 3459">
     <span class='ocr_line' id='line_1_29' title="bbox 379 3380 633 3459; baseline 0.008 -25"><span class='ocrx_word' id='word_1_186' title='bbox 379 3383 410 3443; x_wconf 66' lang='grc' dir='ltr'>ιφ</span> <span class='ocrx_word' id='word_1_187' title='bbox 422 3380 445 3434; x_wconf 71' lang='grc' dir='ltr'>δ’</span> <span class='ocrx_word' id='word_1_188' title='bbox 458 3383 488 3444; x_wconf 80' lang='grc' dir='ltr'>οὗ</span> <span class='ocrx_word' id='word_1_189' title='bbox 499 3380 633 3459; x_wconf 77' lang='grc' dir='ltr'>πάρεστιν,</span> 
     </span>
    </p>

    <p class='ocr_par' dir='ltr' id='par_1_10' title="bbox 169 3514 1216 3953">
     <span class='ocr_line' id='line_1_30' title="bbox 220 3514 1216 3606; baseline 0.004 -22"><span class='ocrx_word' id='word_1_190' title='bbox 220 3515 369 3584; x_wconf 85' lang='lat' dir='ltr'>Putares</span> <span class='ocrx_word' id='word_1_191' title='bbox 393 3514 535 3606; x_wconf 91' lang='lat' dir='ltr'>propius</span> <span class='ocrx_word' id='word_1_192' title='bbox 558 3515 678 3584; x_wconf 84' lang='lat' dir='ltr'>accedi</span> <span class='ocrx_word' id='word_1_193' title='bbox 703 3538 775 3583; x_wconf 92' lang='lat' dir='ltr'>uon</span> <span class='ocrx_word' id='word_1_194' title='bbox 800 3536 924 3606; x_wconf 89' lang='lat' dir='ltr'>posse;</span> <span class='ocrx_word' id='word_1_195' title='bbox 951 3515 1132 3586; x_wconf 91' lang='lat' dir='ltr'>sedenim</span> <span class='ocrx_word' id='word_1_196' title='bbox 1158 3541 1216 3588; x_wconf 85' lang='lat' dir='ltr'>su·</span> 
     </span>
     <span class='ocr_line' id='line_1_31' title="bbox 170 3628 1216 3724; baseline 0.001 -23"><span class='ocrx_word' id='word_1_197' title='bbox 170 3641 288 3723; x_wconf 88' lang='lat' dir='ltr'>perest</span> <span class='ocrx_word' id='word_1_198' title='bbox 321 3630 436 3700; x_wconf 89' lang='lat' dir='ltr'>adhuc</span> <span class='ocrx_word' id='word_1_199' title='bbox 469 3628 613 3724; x_wconf 80' lang='lat' dir='ltr'>aliquid,</span> <span class='ocrx_word' id='word_1_200' title='bbox 641 3630 736 3721; x_wconf 92' lang='lat' dir='ltr'>quod</span> <span class='ocrx_word' id='word_1_201' title='bbox 766 3639 936 3699; x_wconf 88' lang='lat' dir='ltr'>terrorem</span> <span class='ocrx_word' id='word_1_202' title='bbox 970 3651 1042 3698; x_wconf 91' lang='lat' dir='ltr'>uon</span> <span class='ocrx_word' id='word_1_203' title='bbox 1075 3632 1216 3702; x_wconf 87' lang='lat' dir='ltr'>modice</span> 
     </span>
     <span class='ocr_line' id='line_1_32' title="bbox 169 3743 1215 3838; baseline 0 -23"><span class='ocrx_word' id='word_1_204' title='bbox 169 3753 309 3838; x_wconf 85' lang='lat' dir='ltr'>augeat.</span> <span class='ocrx_word' id='word_1_205' title='bbox 361 3743 448 3817; x_wconf 91' lang='lat' dir='ltr'>Non</span> <span class='ocrx_word' id='word_1_206' title='bbox 465 3744 560 3818; x_wconf 89' lang='lat' dir='ltr'>enim</span> <span class='ocrx_word' id='word_1_207' title='bbox 578 3745 669 3815; x_wconf 86' lang='lat' dir='ltr'>diras</span> <span class='ocrx_word' id='word_1_208' title='bbox 694 3745 801 3814; x_wconf 89' lang='lat' dir='ltr'>modo</span> <span class='ocrx_word' id='word_1_209' title='bbox 822 3744 1042 3814; x_wconf 85' lang='lat' dir='ltr'>circumdant</span> <span class='ocrx_word' id='word_1_210' title='bbox 1059 3743 1215 3828; x_wconf 87' lang='lat' dir='ltr'>choreas,</span> 
     </span>
     <span class='ocr_line' id='line_1_33' title="bbox 170 3859 1173 3953; baseline 0.002 -20"><span class='ocrx_word' id='word_1_211' title='bbox 170 3883 293 3936; x_wconf 83' lang='lat' dir='ltr'>verum</span> <span class='ocrx_word' id='word_1_212' title='bbox 311 3861 418 3930; x_wconf 90' lang='lat' dir='ltr'>etlam</span> <span class='ocrx_word' id='word_1_213' title='bbox 436 3859 573 3952; x_wconf 86' lang='lat' dir='ltr'>magico</span> <span class='ocrx_word' id='word_1_214' title='bbox 591 3860 755 3942; x_wconf 81' lang='lat' dir='ltr'>carmine,</span> <span class='ocrx_word' id='word_1_215' title='bbox 773 3867 951 3953; x_wconf 86' lang='lat' dir='ltr'>cantuque</span> <span class='ocrx_word' id='word_1_216' title='bbox 968 3859 1173 3935; x_wconf 71' lang='lat' dir='ltr'>fascinant03</span> 
     </span>
    </p>

    <p class='ocr_par' dir='ltr' id='par_1_11' title="bbox 381 3991 1036 4150">
     <span class='ocr_line' id='line_1_34' title="bbox 383 3991 653 4066; baseline -0.007 -17"><span class='ocrx_word' id='word_1_217' title='bbox 383 3993 426 4049; x_wconf 77' lang='lat' dir='ltr'>r&#39;rrl</span> <span class='ocrx_word' id='word_1_218' title='bbox 438 3994 466 4046; x_wconf 80' lang='grc' dir='ltr'>δέ</span> <span class='ocrx_word' id='word_1_219' title='bbox 477 3997 514 4066; x_wconf 77' lang='grc' dir='ltr'>τῷ</span> <span class='ocrx_word' id='word_1_220' title='bbox 526 3991 653 4066; x_wconf 73' lang='grc' dir='ltr'>τεθυμένῳ</span> 
     </span>
     <span class='ocr_line' id='line_1_35' title="bbox 381 4079 1036 4150; baseline -0.003 -13"><span class='ocrx_word' id='word_1_221' title='bbox 381 4081 441 4137; x_wconf 77' lang='grc' dir='ltr'>τόδε</span> <span class='ocrx_word' id='word_1_222' title='bbox 452 4079 539 4149; x_wconf 84' lang='grc' dir='ltr'>μέλος,</span> <span class='ocrx_word' id='word_1_223' title='bbox 550 4079 695 4149; x_wconf 79' lang='grc' dir='ltr'>παρακοπὰ,</span> <span class='ocrx_word' id='word_1_224' title='bbox 708 4079 858 4150; x_wconf 80' lang='grc' dir='ltr'>παραφορὰ,</span> <span class='ocrx_word' id='word_1_225' title='bbox 871 4079 1036 4149; x_wconf 75' lang='grc' dir='ltr'>φρενοδαλὶς,</span> 
     </span>
    </p>
   </div>
   <div class='ocr_carea' id='block_1_3' title="bbox 310 4277 1040 4353">
    <p class='ocr_par' dir='ltr' id='par_1_12' title="bbox 310 4277 1040 4353">
     <span class='ocr_line' id='line_1_36' title="bbox 310 4277 1040 4353; baseline -0.004 -19"><span class='ocrx_word' id='word_1_226' title='bbox 310 4280 321 4312; x_wconf 81' lang='lat'>‘¹</span> <span class='ocrx_word' id='word_1_227' title='bbox 339 4281 416 4334; x_wconf 78' lang='lat' dir='ltr'>Eam.</span> <span class='ocrx_word' id='word_1_228' title='bbox 431 4297 490 4353; x_wconf 77' lang='lat'>²44·</span> <span class='ocrx_word' id='word_1_229' title='bbox 870 4286 880 4308; x_wconf 84' lang='lat'><strong>·</strong></span> <span class='ocrx_word' id='word_1_230' title='bbox 897 4277 964 4331; x_wconf 68' lang='lat' dir='ltr'>Iota.</span> <span class='ocrx_word' id='word_1_231' title='bbox 979 4294 1040 4347; x_wconf 80' lang='lat'><strong>3²9·</strong></span> 
     </span>
    </p>
   </div>
   <div class='ocr_carea' id='block_1_4' title="bbox 0 0 1392 4876">
    <p class='ocr_par' dir='ltr' id='par_1_13' title="bbox 0 0 1392 4876">
     <span class='ocr_line' id='line_1_37' title="bbox 0 0 1392 4876; baseline 0 0"><span class='ocrx_word' id='word_1_232' title='bbox 0 0 1392 4876; x_wconf 95' lang='lat' dir='ltr'> </span> 
     </span>
    </p>
   </div>
  </div>
 </body>
</html>
