2768 4876
230 297 294 363 464
324 301 449 363 Summa
463 321 563 362 corum
577 322 645 384 quoe
658 299 704 364 od
717 300 883 364 Danaidae
890 302 1055 386 pertineat.
1079 325 1174 366 nunu.
1186 326 1275 366 xxm.

229 496 306 541 rum
325 473 587 566 Tragoediarum
610 473 777 556 fructum,
795 475 922 566 quibus
940 475 1107 546 credibile
1124 484 1180 546 est
1197 479 1276 547 AEs-

228 588 371 680 chylum
390 588 619 680 complevisse
629 588 830 682 Trilogiam,
845 614 925 682 quae
943 593 987 660 ad
1002 591 1180 663 Danaides
1196 617 1275 686 per-

228 705 345 786 tinuit,
360 713 585 796 expectarem
603 728 687 775 sane
704 705 899 798 splendida,
916 708 977 777 sed
995 716 1032 777 et
1048 710 1275 780 moestissima

228 821 449 903 documenta,
473 822 599 913 quibus
623 822 789 914 gradibus
813 823 1001 892 demittere
1028 846 1066 892 se
1090 823 1214 907 soleat,
1234 836 1273 895 et

226 936 271 1006 ab
289 935 431 1027 optimis
456 938 493 1004 in
518 938 736 1008 atrocissima
759 937 833 1007 fato
851 939 1003 1030 quodam
1021 940 1191 1022 converti,
1208 940 1274 1010 foe·

225 1053 399 1122 minarum
422 1052 569 1136 indoles,
587 1063 773 1145 postquam
792 1053 899 1123 semel
923 1055 960 1122 in
982 1056 1101 1145 pejora
1118 1054 1273 1126 declina-

226 1169 327 1238 verit.
380 1168 489 1238 Porro
505 1192 610 1238 nemo
627 1177 668 1237 ut
686 1171 810 1261 opinor
829 1169 974 1262 negabit
996 1171 1171 1262 praecipue
1189 1195 1272 1240 cum

225 1283 391 1376 AEschylo
409 1307 602 1377 congruere
625 1285 825 1355 fabulosum
848 1284 1039 1382 horrorem,
1058 1286 1118 1377 qui
1136 1286 1271 1357 cumuli

224 1398 302 1468 loco
329 1400 507 1470 debuisset
537 1403 596 1470 isti
625 1400 755 1471 fabulae
781 1403 926 1492 imponi,
954 1424 1036 1471 cum
1061 1402 1107 1470 ad
1133 1401 1272 1471 Inferos

226 1525 369 1584 ventum
389 1517 522 1597 fuisset,
541 1519 639 1586 etad
657 1516 865 1609 pervulgata
881 1516 943 1586 illa
961 1516 1151 1608 supplicia:

785 1652 872 1706 Notas

433 1736 576 1806 Virginum
590 1754 691 1806 poenas,
704 1744 730 1790 et
741 1736 820 1789 inane
831 1735 947 1807 lymphae

434 1822 545 1877 Delium
556 1823 641 1877 fundo
653 1823 788 1893 pereuntis
799 1823 862 1885 imo,

715 1907 832 1980 Seraque
843 1908 905 1970 sata,

435 1993 504 2052 Quae
516 2003 624 2048 manent
636 1995 728 2064 culpas
740 1995 819 2049 etiam
832 1995 883 2048 sub
897 1993 978 2048 Orco.

224 2113 304 2184 Nec
330 2116 491 2185 dubitem
515 2117 691 2208 equidem,
713 2116 772 2186 hic
794 2138 932 2208 quoque
955 2115 1063 2186 fuisse
1090 2118 1270 2208 apparitu-

222 2253 299 2298 rum
318 2233 468 2300 eundem
495 2233 706 2324 gravissimae
728 2233 870 2323 pietatis
896 2230 1060 2313 colorem,
1079 2253 1150 2321 quo
1167 2233 1268 2323 quasi

221 2345 355 2415 lumine
373 2347 525 2438 quodam
552 2347 672 2440 Elysio
696 2347 860 2439 perfundi
884 2346 1034 2416 vidimus
1052 2349 1172 2417 omnia
1188 2371 1267 2440 quae

221 2469 408 2553 supersunt
425 2461 591 2555 AEschyli.

270 2575 294 2646 J
296 2600 353 2646 am
371 2600 452 2646 cum
470 2587 569 2647 tanta
586 2580 639 2647 sui
658 2587 759 2670 parte
776 2601 921 2648 maneus
938 2579 982 2646 ad
999 2601 1063 2648 uos
1083 2577 1267 2647 devenerit

220 2693 415 2786 Tragoediae
438 2692 554 2773 Pater,
576 2692 697 2762 licebit
723 2703 842 2763 tamen
866 2692 1033 2785 gratulari
1059 2701 1178 2761 nostro
1204 2714 1268 2761 sae·

220 2807 310 2888 culo,
329 2807 423 2898 quod
441 2803 496 2875 vel
515 2827 559 2874 ex
578 2804 725 2875 tantulis
742 2805 817 2895 ejus
840 2803 995 2894 reliquiis
1016 2811 1070 2871 tot
1092 2802 1266 2872 habemus

219 2945 351 2993 severae
379 2921 556 3014 religionis
584 2928 835 3000 monumenta;
869 2941 1018 3009 quorum
1048 2919 1085 2986 in
1115 2940 1264 2988 numero

218 3060 327 3129 prope
359 3037 489 3128 primas
517 3033 701 3126 Supplices
727 3045 848 3104 tenere
873 3040 1019 3113 nostras,
1048 3031 1103 3101 vel
1130 3054 1173 3101 eo
1200 3054 1265 3122 pu-

218 3155 379 3236 taverim,
400 3151 493 3241 quod
520 3149 586 3219 hac
612 3149 731 3220 fabula
755 3149 976 3240 potissimum
999 3147 1177 3228 docemur,
1201 3146 1263 3236 qui

218 3276 378 3336 veterum
397 3265 583 3334 Graiorum
606 3263 885 3358 religiosissimus
905 3262 951 3331 sit
967 3260 1091 3342 Poeta,
1108 3262 1262 3330 eundem

217 3381 390 3451 castitatis
417 3402 557 3470 quoque
587 3389 703 3471 partes
733 3401 871 3448 summo
901 3376 1018 3445 studio
1048 3398 1187 3446 servare
1218 3398 1262 3445 ac

218 3498 320 3566 tueri.
