<?xml version="1.0" encoding="UTF-8"?>
<!DOCTYPE html PUBLIC "-//W3C//DTD XHTML 1.0 Transitional//EN"
    "http://www.w3.org/TR/xhtml1/DTD/xhtml1-transitional.dtd">
<html xmlns="http://www.w3.org/1999/xhtml" xml:lang="en" lang="en">
 <head>
  <title>
</title>
<meta http-equiv="Content-Type" content="text/html;charset=utf-8" />
  <meta name='ocr-system' content='tesseract 3.04.00' />
  <meta name='ocr-capabilities' content='ocr_page ocr_carea ocr_par ocr_line ocrx_word'/>
</head>
<body>
  <div class='ocr_page' id='page_1' title='image "./depoeticaevimed00keblgoog_0115.png"; bbox 0 0 2768 4876; ppageno 0'>
   <div class='ocr_carea' id='block_1_1' title="bbox 164 303 1213 389">
    <p class='ocr_par' dir='ltr' id='par_1_1' title="bbox 164 303 1213 389">
     <span class='ocr_line' id='line_1_1' title="bbox 164 303 1213 389; baseline 0.001 -23"><span class='ocrx_word' id='word_1_1' title='bbox 164 306 229 373; x_wconf 82' lang='lat'><strong>490</strong></span> <span class='ocrx_word' id='word_1_2' title='bbox 275 303 523 387; x_wconf 70' lang='lat' dir='ltr'><strong>Quaartisueriat</strong></span> <span class='ocrx_word' id='word_1_3' title='bbox 533 304 707 389; x_wconf 67' lang='lat' dir='ltr'><strong>gymnasio,</strong></span> <span class='ocrx_word' id='word_1_4' title='bbox 720 313 848 389; x_wconf 70' lang='lat' dir='ltr'><strong>terqrore</strong></span> <span class='ocrx_word' id='word_1_5' title='bbox 856 303 1005 368; x_wconf 69' lang='lat' dir='ltr'><strong>Pindari.</strong></span> <span class='ocrx_word' id='word_1_6' title='bbox 1026 326 1123 368; x_wconf 74' lang='lat' dir='ltr'><strong>eumn.</strong></span> <span class='ocrx_word' id='word_1_7' title='bbox 1135 326 1213 367; x_wconf 78' lang='lat' dir='ltr'><strong>xxv.</strong></span> 
     </span>
    </p>
   </div>
   <div class='ocr_carea' id='block_1_2' title="bbox 154 474 1215 1948">
    <p class='ocr_par' dir='ltr' id='par_1_2' title="bbox 154 474 1215 1948">
     <span class='ocr_line' id='line_1_2' title="bbox 164 474 1214 546; baseline 0 -2"><span class='ocrx_word' id='word_1_8' title='bbox 164 483 291 546; x_wconf 80' lang='lat' dir='ltr'><strong>nentes</strong></span> <span class='ocrx_word' id='word_1_9' title='bbox 318 475 504 545; x_wconf 82' lang='lat' dir='ltr'><strong>Persarum</strong></span> <span class='ocrx_word' id='word_1_10' title='bbox 523 477 625 546; x_wconf 85' lang='lat' dir='ltr'><strong>vires.</strong></span> <span class='ocrx_word' id='word_1_11' title='bbox 680 475 851 546; x_wconf 86' lang='lat' dir='ltr'><strong>Solennes</strong></span> <span class='ocrx_word' id='word_1_12' title='bbox 868 474 1034 543; x_wconf 90' lang='lat' dir='ltr'><strong>videlicet</strong></span> <span class='ocrx_word' id='word_1_13' title='bbox 1058 474 1214 545; x_wconf 89' lang='lat' dir='ltr'><strong>caerimo-</strong></span> 
     </span>
     <span class='ocr_line' id='line_1_3' title="bbox 165 589 1212 672; baseline -0.002 -12"><span class='ocrx_word' id='word_1_14' title='bbox 165 594 234 661; x_wconf 85' lang='lat' dir='ltr'><strong>niae</strong></span> <span class='ocrx_word' id='word_1_15' title='bbox 260 602 298 662; x_wconf 89' lang='lat' dir='ltr'><strong>et</strong></span> <span class='ocrx_word' id='word_1_16' title='bbox 324 592 501 672; x_wconf 85' lang='lat' dir='ltr'><strong>sacrificia,</strong></span> <span class='ocrx_word' id='word_1_17' title='bbox 520 592 601 661; x_wconf 87' lang='lat' dir='ltr'><strong>festi</strong></span> <span class='ocrx_word' id='word_1_18' title='bbox 620 591 695 660; x_wconf 89' lang='lat' dir='ltr'><strong>dies</strong></span> <span class='ocrx_word' id='word_1_19' title='bbox 712 593 750 659; x_wconf 90' lang='lat' dir='ltr'><strong>in</strong></span> <span class='ocrx_word' id='word_1_20' title='bbox 766 591 937 659; x_wconf 87' lang='lat' dir='ltr'>honorem</span> <span class='ocrx_word' id='word_1_21' title='bbox 955 589 1115 660; x_wconf 85' lang='lat' dir='ltr'><strong>Deorum</strong></span> <span class='ocrx_word' id='word_1_22' title='bbox 1132 591 1212 672; x_wconf 89' lang='lat' dir='ltr'><strong>acti,</strong></span> 
     </span>
     <span class='ocr_line' id='line_1_4' title="bbox 165 704 1214 798; baseline -0.001 -22"><span class='ocrx_word' id='word_1_23' title='bbox 165 715 327 777; x_wconf 89' lang='lat' dir='ltr'><strong>veterum</strong></span> <span class='ocrx_word' id='word_1_24' title='bbox 353 707 502 775; x_wconf 91' lang='lat' dir='ltr'><strong>heroum</strong></span> <span class='ocrx_word' id='word_1_25' title='bbox 527 707 682 788; x_wconf 90' lang='lat' dir='ltr'><strong>nomina,</strong></span> <span class='ocrx_word' id='word_1_26' title='bbox 706 705 819 776; x_wconf 90' lang='lat' dir='ltr'><strong>laudis</strong></span> <span class='ocrx_word' id='word_1_27' title='bbox 842 715 880 774; x_wconf 91' lang='lat' dir='ltr'><strong>et</strong></span> <span class='ocrx_word' id='word_1_28' title='bbox 907 704 1086 798; x_wconf 80' lang='lat' dir='ltr'><strong>religionis</strong></span> <span class='ocrx_word' id='word_1_29' title='bbox 1109 727 1214 775; x_wconf 86' lang='lat' dir='ltr'><strong>causa</strong></span> 
     </span>
     <span class='ocr_line' id='line_1_5' title="bbox 159 820 1213 914; baseline -0.001 -22"><span class='ocrx_word' id='word_1_30' title='bbox 159 824 267 914; x_wconf 86' lang='lat' dir='ltr'><strong>juxta</strong></span> <span class='ocrx_word' id='word_1_31' title='bbox 301 821 457 892; x_wconf 92' lang='lat' dir='ltr'><strong>tumulos</strong></span> <span class='ocrx_word' id='word_1_32' title='bbox 488 823 643 912; x_wconf 89' lang='lat' dir='ltr'><strong>ipsorum</strong></span> <span class='ocrx_word' id='word_1_33' title='bbox 675 823 867 904; x_wconf 91' lang='lat' dir='ltr'><strong>nominata,</strong></span> <span class='ocrx_word' id='word_1_34' title='bbox 902 829 1069 890; x_wconf 85' lang='lat' dir='ltr'><strong>coronata</strong></span> <span class='ocrx_word' id='word_1_35' title='bbox 1098 820 1213 904; x_wconf 83' lang='lat' dir='ltr'><strong>busta,</strong></span> 
     </span>
     <span class='ocr_line' id='line_1_6' title="bbox 165 935 1213 1030; baseline -0.002 -22"><span class='ocrx_word' id='word_1_36' title='bbox 165 946 316 1008; x_wconf 88' lang='lat' dir='ltr'><strong>cantatae</strong></span> <span class='ocrx_word' id='word_1_37' title='bbox 333 938 456 1006; x_wconf 88' lang='lat' dir='ltr'><strong>naeniae</strong></span> <span class='ocrx_word' id='word_1_38' title='bbox 467 938 666 1028; x_wconf 87' lang='lat' dir='ltr'><strong>:-eequid,</strong></span> <span class='ocrx_word' id='word_1_39' title='bbox 683 937 826 1027; x_wconf 90' lang='lat' dir='ltr'><strong>putatis,</strong></span> <span class='ocrx_word' id='word_1_40' title='bbox 844 936 940 1005; x_wconf 92' lang='lat' dir='ltr'><strong>aliud</strong></span> <span class='ocrx_word' id='word_1_41' title='bbox 965 937 1129 1030; x_wconf 80' lang='lat' dir='ltr'><strong>agebant,</strong></span> <span class='ocrx_word' id='word_1_42' title='bbox 1147 935 1213 1006; x_wconf 92' lang='lat' dir='ltr'><strong>nisi</strong></span> 
     </span>
     <span class='ocr_line' id='line_1_7' title="bbox 165 1051 1214 1145; baseline -0.004 -21"><span class='ocrx_word' id='word_1_43' title='bbox 165 1064 207 1124; x_wconf 93' lang='lat' dir='ltr'><strong>ut</strong></span> <span class='ocrx_word' id='word_1_44' title='bbox 233 1054 339 1124; x_wconf 88' lang='lat' dir='ltr'><strong>altius</strong></span> <span class='ocrx_word' id='word_1_45' title='bbox 366 1059 568 1145; x_wconf 89' lang='lat' dir='ltr'><strong>penetraret</strong></span> <span class='ocrx_word' id='word_1_46' title='bbox 593 1053 630 1120; x_wconf 91' lang='lat' dir='ltr'><strong>in</strong></span> <span class='ocrx_word' id='word_1_47' title='bbox 658 1051 793 1120; x_wconf 92' lang='lat' dir='ltr'><strong>animos</strong></span> <span class='ocrx_word' id='word_1_48' title='bbox 819 1051 1008 1120; x_wconf 90' lang='lat' dir='ltr'><strong>Graiorum</strong></span> <span class='ocrx_word' id='word_1_49' title='bbox 1036 1052 1151 1143; x_wconf 90' lang='lat' dir='ltr'><strong>patria</strong></span> <span class='ocrx_word' id='word_1_50' title='bbox 1176 1059 1214 1120; x_wconf 94' lang='lat' dir='ltr'><strong>et</strong></span> 
     </span>
     <span class='ocr_line' id='line_1_8' title="bbox 165 1167 1214 1261; baseline -0.004 -22"><span class='ocrx_word' id='word_1_51' title='bbox 165 1171 260 1239; x_wconf 89' lang='lat' dir='ltr'><strong>avita</strong></span> <span class='ocrx_word' id='word_1_52' title='bbox 285 1171 419 1261; x_wconf 81' lang='lat' dir='ltr'><strong>pietas3</strong></span> <span class='ocrx_word' id='word_1_53' title='bbox 444 1167 608 1260; x_wconf 88' lang='lat' dir='ltr'><strong>flagraret</strong></span> <span class='ocrx_word' id='word_1_54' title='bbox 634 1167 715 1235; x_wconf 92' lang='lat' dir='ltr'><strong>odio</strong></span> <span class='ocrx_word' id='word_1_55' title='bbox 740 1187 827 1258; x_wconf 90' lang='lat' dir='ltr'><strong>gens</strong></span> <span class='ocrx_word' id='word_1_56' title='bbox 850 1167 1013 1235; x_wconf 88' lang='lat' dir='ltr'><strong>universa</strong></span> <span class='ocrx_word' id='word_1_57' title='bbox 1037 1167 1074 1235; x_wconf 91' lang='lat' dir='ltr'><strong>iu</strong></span> <span class='ocrx_word' id='word_1_58' title='bbox 1100 1167 1214 1258; x_wconf 90' lang='lat' dir='ltr'><strong>direp-</strong></span> 
     </span>
     <span class='ocr_line' id='line_1_9' title="bbox 166 1282 1213 1374; baseline 0.002 -24"><span class='ocrx_word' id='word_1_59' title='bbox 166 1292 260 1352; x_wconf 84' lang='lat' dir='ltr'><strong>tores</strong></span> <span class='ocrx_word' id='word_1_60' title='bbox 285 1283 510 1374; x_wconf 90' lang='lat' dir='ltr'><strong>templorum,</strong></span> <span class='ocrx_word' id='word_1_61' title='bbox 529 1289 725 1350; x_wconf 87' lang='lat' dir='ltr'><strong>statuarum</strong></span> <span class='ocrx_word' id='word_1_62' title='bbox 751 1282 954 1353; x_wconf 71' lang='lat' dir='ltr'><strong>eversores?</strong></span> <span class='ocrx_word' id='word_1_63' title='bbox 1006 1282 1101 1365; x_wconf 86' lang='lat' dir='ltr'><strong>Quid</strong></span> <span class='ocrx_word' id='word_1_64' title='bbox 1120 1283 1213 1373; x_wconf 89' lang='lat' dir='ltr'><strong>quod</strong></span> 
     </span>
     <span class='ocr_line' id='line_1_10' title="bbox 165 1397 1213 1489; baseline 0.002 -23"><span class='ocrx_word' id='word_1_65' title='bbox 165 1397 291 1467; x_wconf 90' lang='lat' dir='ltr'><strong>iisdem</strong></span> <span class='ocrx_word' id='word_1_66' title='bbox 309 1399 434 1468; x_wconf 91' lang='lat' dir='ltr'><strong>diebus</strong></span> <span class='ocrx_word' id='word_1_67' title='bbox 454 1397 610 1467; x_wconf 87' lang='lat' dir='ltr'><strong>revocari</strong></span> <span class='ocrx_word' id='word_1_68' title='bbox 628 1397 830 1468; x_wconf 85' lang='lat' dir='ltr'><strong>sentiebant</strong></span> <span class='ocrx_word' id='word_1_69' title='bbox 848 1399 885 1466; x_wconf 93' lang='lat' dir='ltr'><strong>in</strong></span> <span class='ocrx_word' id='word_1_70' title='bbox 903 1399 1213 1489; x_wconf 87' lang='lat' dir='ltr'><strong>praesentissimam</strong></span> 
     </span>
     <span class='ocr_line' id='line_1_11' title="bbox 164 1510 1214 1603; baseline 0.003 -25"><span class='ocrx_word' id='word_1_71' title='bbox 164 1513 382 1592; x_wconf 90' lang='lat' dir='ltr'><strong>memoriam,</strong></span> <span class='ocrx_word' id='word_1_72' title='bbox 400 1513 510 1580; x_wconf 92' lang='lat' dir='ltr'><strong>immo</strong></span> <span class='ocrx_word' id='word_1_73' title='bbox 532 1518 674 1580; x_wconf 91' lang='lat' dir='ltr'><strong>tantum</strong></span> <span class='ocrx_word' id='word_1_74' title='bbox 699 1533 771 1579; x_wconf 90' lang='lat' dir='ltr'><strong>non</strong></span> <span class='ocrx_word' id='word_1_75' title='bbox 794 1533 911 1581; x_wconf 88' lang='lat' dir='ltr'><strong>coram</strong></span> <span class='ocrx_word' id='word_1_76' title='bbox 932 1510 1065 1593; x_wconf 90' lang='lat' dir='ltr'><strong>adesse,</strong></span> <span class='ocrx_word' id='word_1_77' title='bbox 1082 1511 1214 1603; x_wconf 88' lang='lat' dir='ltr'><strong>priscos</strong></span> 
     </span>
     <span class='ocr_line' id='line_1_12' title="bbox 154 1625 1215 1718; baseline 0 -23"><span class='ocrx_word' id='word_1_78' title='bbox 154 1626 365 1708; x_wconf 88' lang='lat' dir='ltr'><strong>bellatores,</strong></span> <span class='ocrx_word' id='word_1_79' title='bbox 395 1626 519 1717; x_wconf 85' lang='lat' dir='ltr'><strong>patriae</strong></span> <span class='ocrx_word' id='word_1_80' title='bbox 551 1627 667 1707; x_wconf 77' lang='lat' dir='ltr'><strong>decue,</strong></span> <span class='ocrx_word' id='word_1_81' title='bbox 699 1649 849 1717; x_wconf 91' lang='lat' dir='ltr'><strong>quorum</strong></span> <span class='ocrx_word' id='word_1_82' title='bbox 879 1625 991 1717; x_wconf 89' lang='lat' dir='ltr'><strong>major</strong></span> <span class='ocrx_word' id='word_1_83' title='bbox 1019 1625 1215 1718; x_wconf 92' lang='lat' dir='ltr'><strong>meliorque</strong></span> 
     </span>
     <span class='ocr_line' id='line_1_13' title="bbox 165 1738 1214 1833; baseline 0.002 -24"><span class='ocrx_word' id='word_1_84' title='bbox 165 1763 256 1831; x_wconf 90' lang='lat' dir='ltr'><strong>pars,</strong></span> <span class='ocrx_word' id='word_1_85' title='bbox 284 1740 450 1826; x_wconf 86' lang='lat' dir='ltr'><strong>Herculis</strong></span> <span class='ocrx_word' id='word_1_86' title='bbox 476 1738 642 1809; x_wconf 84' lang='lat' dir='ltr'><strong>videlicet</strong></span> <span class='ocrx_word' id='word_1_87' title='bbox 676 1741 825 1809; x_wconf 78' lang='lat' dir='ltr'><strong>comites</strong></span> <span class='ocrx_word' id='word_1_88' title='bbox 855 1747 892 1810; x_wconf 92' lang='lat' dir='ltr'><strong>et</strong></span> <span class='ocrx_word' id='word_1_89' title='bbox 922 1740 1214 1833; x_wconf 84' lang='lat' dir='ltr'><strong>Agamemnonis,</strong></span> 
     </span>
     <span class='ocr_line' id='line_1_14' title="bbox 166 1853 1154 1948; baseline 0.001 -23"><span class='ocrx_word' id='word_1_90' title='bbox 166 1879 248 1925; x_wconf 89' lang='lat' dir='ltr'><strong>cum</strong></span> <span class='ocrx_word' id='word_1_91' title='bbox 266 1856 391 1925; x_wconf 90' lang='lat' dir='ltr'><strong>iisdem</strong></span> <span class='ocrx_word' id='word_1_92' title='bbox 408 1855 478 1925; x_wconf 90' lang='lat' dir='ltr'><strong>illis</strong></span> <span class='ocrx_word' id='word_1_93' title='bbox 494 1853 663 1925; x_wconf 81' lang='lat' dir='ltr'><strong>Asiaticis</strong></span> <span class='ocrx_word' id='word_1_94' title='bbox 680 1855 870 1925; x_wconf 87' lang='lat' dir='ltr'><strong>fortissime</strong></span> <span class='ocrx_word' id='word_1_95' title='bbox 887 1855 1154 1948; x_wconf 71' lang='lat' dir='ltr'><strong>pugnaverant?</strong></span> 
     </span>
    </p>
   </div>
   <div class='ocr_carea' id='block_1_3' title="bbox 164 1970 1216 2410">
    <p class='ocr_par' dir='ltr' id='par_1_3' title="bbox 164 1970 1216 2410">
     <span class='ocr_line' id='line_1_15' title="bbox 216 1970 1215 2062; baseline -0.001 -20"><span class='ocrx_word' id='word_1_96' title='bbox 216 1970 365 2055; x_wconf 89' lang='lat' dir='ltr'><strong>Verum,</strong></span> <span class='ocrx_word' id='word_1_97' title='bbox 383 1979 425 2041; x_wconf 90' lang='lat' dir='ltr'><strong>nt</strong></span> <span class='ocrx_word' id='word_1_98' title='bbox 449 1972 486 2040; x_wconf 93' lang='lat' dir='ltr'><strong>id</strong></span> <span class='ocrx_word' id='word_1_99' title='bbox 505 1970 599 2062; x_wconf 92' lang='lat' dir='ltr'><strong>quod</strong></span> <span class='ocrx_word' id='word_1_100' title='bbox 623 1994 678 2041; x_wconf 89' lang='lat' dir='ltr'><strong>res</strong></span> <span class='ocrx_word' id='word_1_101' title='bbox 703 1979 759 2041; x_wconf 88' lang='lat' dir='ltr'><strong>est</strong></span> <span class='ocrx_word' id='word_1_102' title='bbox 781 1971 904 2053; x_wconf 83' lang='lat' dir='ltr'><strong>fatear,</strong></span> <span class='ocrx_word' id='word_1_103' title='bbox 925 1973 985 2040; x_wconf 87' lang='lat' dir='ltr'><strong>vix</strong></span> <span class='ocrx_word' id='word_1_104' title='bbox 1005 1972 1215 2041; x_wconf 79' lang='lat' dir='ltr'><strong>crediderim</strong></span> 
     </span>
     <span class='ocr_line' id='line_1_16' title="bbox 167 2085 1216 2178; baseline 0 -24"><span class='ocrx_word' id='word_1_105' title='bbox 167 2086 321 2155; x_wconf 90' lang='lat' dir='ltr'><strong>Pindaro</strong></span> <span class='ocrx_word' id='word_1_106' title='bbox 338 2093 460 2156; x_wconf 89' lang='lat' dir='ltr'><strong>nostro</strong></span> <span class='ocrx_word' id='word_1_107' title='bbox 479 2085 615 2155; x_wconf 89' lang='lat' dir='ltr'><strong>venisse</strong></span> <span class='ocrx_word' id='word_1_108' title='bbox 637 2087 675 2154; x_wconf 93' lang='lat' dir='ltr'><strong>in</strong></span> <span class='ocrx_word' id='word_1_109' title='bbox 700 2094 859 2156; x_wconf 91' lang='lat' dir='ltr'><strong>mentem</strong></span> <span class='ocrx_word' id='word_1_110' title='bbox 877 2086 1019 2178; x_wconf 91' lang='lat' dir='ltr'><strong>publica</strong></span> <span class='ocrx_word' id='word_1_111' title='bbox 1034 2087 1103 2156; x_wconf 90' lang='lat' dir='ltr'><strong>ista</strong></span> <span class='ocrx_word' id='word_1_112' title='bbox 1120 2109 1216 2156; x_wconf 91' lang='lat' dir='ltr'><strong>com-</strong></span> 
     </span>
     <span class='ocr_line' id='line_1_17' title="bbox 165 2199 1215 2299; baseline -0.001 -30"><span class='ocrx_word' id='word_1_113' title='bbox 165 2200 282 2283; x_wconf 91' lang='lat' dir='ltr'><strong>moda,</strong></span> <span class='ocrx_word' id='word_1_114' title='bbox 299 2222 449 2299; x_wconf 89' lang='lat' dir='ltr'><strong>quorum</strong></span> <span class='ocrx_word' id='word_1_115' title='bbox 468 2222 534 2290; x_wconf 92' lang='lat' dir='ltr'><strong>ope</strong></span> <span class='ocrx_word' id='word_1_116' title='bbox 558 2223 622 2270; x_wconf 89' lang='lat' dir='ltr'><strong>sua</strong></span> <span class='ocrx_word' id='word_1_117' title='bbox 646 2199 712 2269; x_wconf 90' lang='lat' dir='ltr'><strong>sibi</strong></span> <span class='ocrx_word' id='word_1_118' title='bbox 735 2201 912 2292; x_wconf 90' lang='lat' dir='ltr'><strong>probaret,</strong></span> <span class='ocrx_word' id='word_1_119' title='bbox 930 2208 1098 2292; x_wconf 89' lang='lat' dir='ltr'><strong>tanquam</strong></span> <span class='ocrx_word' id='word_1_120' title='bbox 1120 2199 1215 2271; x_wconf 93' lang='lat' dir='ltr'><strong>haud</strong></span> 
     </span>
     <span class='ocr_line' id='line_1_18' title="bbox 164 2314 1215 2410; baseline 0.005 -29"><span class='ocrx_word' id='word_1_121' title='bbox 164 2336 305 2406; x_wconf 91' lang='lat' dir='ltr'><strong>prorsus</strong></span> <span class='ocrx_word' id='word_1_122' title='bbox 324 2314 469 2407; x_wconf 89' lang='lat' dir='ltr'><strong>indigna</strong></span> <span class='ocrx_word' id='word_1_123' title='bbox 486 2316 575 2384; x_wconf 91' lang='lat' dir='ltr'><strong>serio</strong></span> <span class='ocrx_word' id='word_1_124' title='bbox 593 2338 634 2384; x_wconf 93' lang='lat' dir='ltr'><strong>ac</strong></span> <span class='ocrx_word' id='word_1_125' title='bbox 651 2315 770 2385; x_wconf 86' lang='lat' dir='ltr'><strong>divino</strong></span> <span class='ocrx_word' id='word_1_126' title='bbox 789 2317 954 2385; x_wconf 86' lang='lat' dir='ltr'><strong>carmine.</strong></span> <span class='ocrx_word' id='word_1_127' title='bbox 998 2314 1083 2386; x_wconf 93' lang='lat' dir='ltr'><strong>Alia</strong></span> <span class='ocrx_word' id='word_1_128' title='bbox 1099 2316 1215 2410; x_wconf 88' lang='lat' dir='ltr'><strong>louge,</strong></span> 
     </span>
    </p>
   </div>
   <div class='ocr_carea' id='block_1_4' title="bbox 165 2427 1217 3569">
    <p class='ocr_par' dir='ltr' id='par_1_4' title="bbox 165 2427 1217 3569">
     <span class='ocr_line' id='line_1_19' title="bbox 165 2427 1216 2520; baseline 0.004 -24"><span class='ocrx_word' id='word_1_129' title='bbox 165 2427 202 2496; x_wconf 91' lang='lat' dir='ltr'><strong>ni</strong></span> <span class='ocrx_word' id='word_1_130' title='bbox 220 2427 331 2510; x_wconf 87' lang='lat' dir='ltr'><strong>fallor,</strong></span> <span class='ocrx_word' id='word_1_131' title='bbox 350 2429 419 2498; x_wconf 85' lang='lat' dir='ltr'><strong>fuit</strong></span> <span class='ocrx_word' id='word_1_132' title='bbox 436 2428 645 2520; x_wconf 89' lang='lat' dir='ltr'><strong>plerumque</strong></span> <span class='ocrx_word' id='word_1_133' title='bbox 663 2431 752 2498; x_wconf 87' lang='lat' dir='ltr'><strong>ratio</strong></span> <span class='ocrx_word' id='word_1_134' title='bbox 771 2453 905 2512; x_wconf 89' lang='lat' dir='ltr'><strong>eorum,</strong></span> <span class='ocrx_word' id='word_1_135' title='bbox 924 2431 984 2520; x_wconf 93' lang='lat' dir='ltr'><strong>qui</strong></span> <span class='ocrx_word' id='word_1_136' title='bbox 1001 2429 1105 2500; x_wconf 87' lang='lat' dir='ltr'><strong>variis</strong></span> <span class='ocrx_word' id='word_1_137' title='bbox 1126 2440 1216 2500; x_wconf 88' lang='lat' dir='ltr'><strong>tem·</strong></span> 
     </span>
     <span class='ocr_line' id='line_1_20' title="bbox 165 2543 1215 2638; baseline 0.004 -27"><span class='ocrx_word' id='word_1_138' title='bbox 165 2544 309 2635; x_wconf 86' lang='lat' dir='ltr'><strong>poribus</strong></span> <span class='ocrx_word' id='word_1_139' title='bbox 343 2543 457 2613; x_wconf 87' lang='lat' dir='ltr'><strong>functi</strong></span> <span class='ocrx_word' id='word_1_140' title='bbox 496 2553 579 2613; x_wconf 95' lang='lat' dir='ltr'><strong>sunt</strong></span> <span class='ocrx_word' id='word_1_141' title='bbox 617 2567 829 2638; x_wconf 88' lang='lat' dir='ltr'><strong>magnorum</strong></span> <span class='ocrx_word' id='word_1_142' title='bbox 863 2545 1053 2615; x_wconf 89' lang='lat' dir='ltr'><strong>Poetarum</strong></span> <span class='ocrx_word' id='word_1_143' title='bbox 1089 2545 1215 2615; x_wconf 86' lang='lat' dir='ltr'><strong>officio.</strong></span> 
     </span>
     <span class='ocr_line' id='line_1_21' title="bbox 168 2657 1216 2750; baseline 0.004 -24"><span class='ocrx_word' id='word_1_144' title='bbox 168 2657 255 2740; x_wconf 88' lang='lat' dir='ltr'><strong>Hos,</strong></span> <span class='ocrx_word' id='word_1_145' title='bbox 274 2658 466 2728; x_wconf 89' lang='lat' dir='ltr'><strong>maximam</strong></span> <span class='ocrx_word' id='word_1_146' title='bbox 483 2668 631 2750; x_wconf 91' lang='lat' dir='ltr'><strong>partem,</strong></span> <span class='ocrx_word' id='word_1_147' title='bbox 647 2661 698 2729; x_wconf 89' lang='lat' dir='ltr'><strong>ita</strong></span> <span class='ocrx_word' id='word_1_148' title='bbox 715 2660 880 2730; x_wconf 84' lang='lat' dir='ltr'><strong>educavit</strong></span> <span class='ocrx_word' id='word_1_149' title='bbox 900 2661 975 2731; x_wconf 87' lang='lat' dir='ltr'><strong>sive</strong></span> <span class='ocrx_word' id='word_1_150' title='bbox 1000 2669 1127 2731; x_wconf 90' lang='lat' dir='ltr'><strong>natura</strong></span> <span class='ocrx_word' id='word_1_151' title='bbox 1143 2662 1216 2731; x_wconf 87' lang='lat' dir='ltr'><strong>sive</strong></span> 
     </span>
     <span class='ocr_line' id='line_1_22' title="bbox 167 2773 1216 2867; baseline 0.003 -24"><span class='ocrx_word' id='word_1_152' title='bbox 167 2796 312 2865; x_wconf 88' lang='lat' dir='ltr'><strong>eaquae</strong></span> <span class='ocrx_word' id='word_1_153' title='bbox 338 2773 467 2843; x_wconf 91' lang='lat' dir='ltr'><strong>dicitur</strong></span> <span class='ocrx_word' id='word_1_154' title='bbox 492 2775 643 2857; x_wconf 87' lang='lat' dir='ltr'><strong>fortuna,</strong></span> <span class='ocrx_word' id='word_1_155' title='bbox 667 2783 708 2844; x_wconf 94' lang='lat' dir='ltr'><strong>ut</strong></span> <span class='ocrx_word' id='word_1_156' title='bbox 733 2775 885 2867; x_wconf 88' lang='lat' dir='ltr'><strong>pueriles</strong></span> <span class='ocrx_word' id='word_1_157' title='bbox 911 2777 1023 2846; x_wconf 89' lang='lat' dir='ltr'><strong>ferme</strong></span> <span class='ocrx_word' id='word_1_158' title='bbox 1051 2776 1150 2846; x_wconf 93' lang='lat' dir='ltr'><strong>lusus</strong></span> <span class='ocrx_word' id='word_1_159' title='bbox 1174 2799 1216 2846; x_wconf 88' lang='lat' dir='ltr'><strong>ac</strong></span> 
     </span>
     <span class='ocr_line' id='line_1_23' title="bbox 167 2887 1216 2982; baseline 0.004 -25"><span class='ocrx_word' id='word_1_160' title='bbox 167 2887 301 2958; x_wconf 88' lang='lat' dir='ltr'><strong>deliciae</strong></span> <span class='ocrx_word' id='word_1_161' title='bbox 327 2898 444 2957; x_wconf 88' lang='lat' dir='ltr'><strong>essent</strong></span> <span class='ocrx_word' id='word_1_162' title='bbox 471 2889 599 2980; x_wconf 90' lang='lat' dir='ltr'><strong>cuique</strong></span> <span class='ocrx_word' id='word_1_163' title='bbox 628 2913 691 2980; x_wconf 90' lang='lat' dir='ltr'><strong>pro</strong></span> <span class='ocrx_word' id='word_1_164' title='bbox 718 2890 870 2980; x_wconf 91' lang='lat' dir='ltr'><strong>quadam</strong></span> <span class='ocrx_word' id='word_1_165' title='bbox 901 2891 1070 2982; x_wconf 90' lang='lat' dir='ltr'><strong>palaestra,</strong></span> <span class='ocrx_word' id='word_1_166' title='bbox 1090 2891 1152 2960; x_wconf 91' lang='lat' dir='ltr'><strong>ubi</strong></span> <span class='ocrx_word' id='word_1_167' title='bbox 1179 2913 1216 2961; x_wconf 89' lang='lat' dir='ltr'><strong>se</strong></span> 
     </span>
     <span class='ocr_line' id='line_1_24' title="bbox 167 3004 1215 3098; baseline 0.001 -26"><span class='ocrx_word' id='word_1_168' title='bbox 167 3011 306 3073; x_wconf 89' lang='lat' dir='ltr'><strong>tentare</strong></span> <span class='ocrx_word' id='word_1_169' title='bbox 323 3012 468 3094; x_wconf 91' lang='lat' dir='ltr'><strong>possent</strong></span> <span class='ocrx_word' id='word_1_170' title='bbox 485 3013 593 3094; x_wconf 91' lang='lat' dir='ltr'><strong>atque</strong></span> <span class='ocrx_word' id='word_1_171' title='bbox 614 3005 651 3072; x_wconf 91' lang='lat' dir='ltr'><strong>in</strong></span> <span class='ocrx_word' id='word_1_172' title='bbox 671 3004 805 3095; x_wconf 89' lang='lat' dir='ltr'><strong>majora</strong></span> <span class='ocrx_word' id='word_1_173' title='bbox 820 3004 1006 3096; x_wconf 90' lang='lat' dir='ltr'><strong>paullatim</strong></span> <span class='ocrx_word' id='word_1_174' title='bbox 1024 3027 1215 3098; x_wconf 85' lang='lat' dir='ltr'><strong>assurgere.</strong></span> 
     </span>
     <span class='ocr_line' id='line_1_25' title="bbox 168 3118 1217 3210; baseline 0 -23"><span class='ocrx_word' id='word_1_175' title='bbox 168 3118 296 3208; x_wconf 92' lang='lat' dir='ltr'><strong>ltaque</strong></span> <span class='ocrx_word' id='word_1_176' title='bbox 313 3118 408 3187; x_wconf 88' lang='lat' dir='ltr'><strong>felici</strong></span> <span class='ocrx_word' id='word_1_177' title='bbox 434 3119 552 3208; x_wconf 92' lang='lat' dir='ltr'><strong>potius</strong></span> <span class='ocrx_word' id='word_1_178' title='bbox 578 3119 734 3210; x_wconf 87' lang='lat' dir='ltr'><strong>augurio,</strong></span> <span class='ocrx_word' id='word_1_179' title='bbox 753 3141 859 3209; x_wconf 91' lang='lat' dir='ltr'><strong>quam</strong></span> <span class='ocrx_word' id='word_1_180' title='bbox 883 3119 957 3188; x_wconf 92' lang='lat' dir='ltr'><strong>ullo</strong></span> <span class='ocrx_word' id='word_1_181' title='bbox 976 3119 1113 3210; x_wconf 88' lang='lat' dir='ltr'><strong>judicio</strong></span> <span class='ocrx_word' id='word_1_182' title='bbox 1139 3141 1217 3188; x_wconf 92' lang='lat' dir='ltr'><strong>sua-</strong></span> 
     </span>
     <span class='ocr_line' id='line_1_26' title="bbox 167 3232 1217 3324; baseline 0.001 -23"><span class='ocrx_word' id='word_1_183' title='bbox 167 3255 246 3301; x_wconf 91' lang='lat' dir='ltr'><strong>rum</strong></span> <span class='ocrx_word' id='word_1_184' title='bbox 269 3232 455 3311; x_wconf 91' lang='lat' dir='ltr'><strong>mentium,</strong></span> <span class='ocrx_word' id='word_1_185' title='bbox 474 3255 516 3301; x_wconf 92' lang='lat' dir='ltr'><strong>eo</strong></span> <span class='ocrx_word' id='word_1_186' title='bbox 536 3232 744 3301; x_wconf 87' lang='lat' dir='ltr'><strong>deferuntur</strong></span> <span class='ocrx_word' id='word_1_187' title='bbox 760 3255 830 3322; x_wconf 93' lang='lat' dir='ltr'><strong>quo</strong></span> <span class='ocrx_word' id='word_1_188' title='bbox 848 3255 1024 3324; x_wconf 91' lang='lat' dir='ltr'><strong>quemque</strong></span> <span class='ocrx_word' id='word_1_189' title='bbox 1045 3256 1129 3303; x_wconf 88' lang='lat' dir='ltr'><strong>suus</strong></span> <span class='ocrx_word' id='word_1_190' title='bbox 1148 3242 1217 3302; x_wconf 89' lang='lat' dir='ltr'><strong>tra·</strong></span> 
     </span>
     <span class='ocr_line' id='line_1_27' title="bbox 166 3344 1216 3429; baseline 0.004 -16"><span class='ocrx_word' id='word_1_191' title='bbox 166 3344 223 3414; x_wconf 93' lang='lat' dir='ltr'><strong>hit</strong></span> <span class='ocrx_word' id='word_1_192' title='bbox 251 3345 396 3416; x_wconf 88' lang='lat' dir='ltr'><strong>Genius.</strong></span> <span class='ocrx_word' id='word_1_193' title='bbox 454 3346 551 3429; x_wconf 82' lang='lat' dir='ltr'><strong>Quid</strong></span> <span class='ocrx_word' id='word_1_194' title='bbox 576 3348 692 3416; x_wconf 89' lang='lat' dir='ltr'><strong>vetuit</strong></span> <span class='ocrx_word' id='word_1_195' title='bbox 720 3354 757 3416; x_wconf 91' lang='lat' dir='ltr'><strong>et</strong></span> <span class='ocrx_word' id='word_1_196' title='bbox 786 3346 989 3428; x_wconf 88' lang='lat' dir='ltr'><strong>Pindarum,</strong></span> <span class='ocrx_word' id='word_1_197' title='bbox 1015 3347 1216 3417; x_wconf 81' lang='lat' dir='ltr'><strong>Thebarum</strong></span> 
     </span>
     <span class='ocr_line' id='line_1_28' title="bbox 168 3460 1217 3569; baseline 0.005 -42"><span class='ocrx_word' id='word_1_198' title='bbox 168 3460 362 3542; x_wconf 89' lang='lat' dir='ltr'><strong>alumnum,</strong></span> <span class='ocrx_word' id='word_1_199' title='bbox 381 3484 459 3551; x_wconf 86' lang='lat' dir='ltr'><strong>quae</strong></span> <span class='ocrx_word' id='word_1_200' title='bbox 485 3463 568 3531; x_wconf 88' lang='lat' dir='ltr'><strong>urbs</strong></span> <span class='ocrx_word' id='word_1_201' title='bbox 595 3471 632 3530; x_wconf 93' lang='lat' dir='ltr'><strong>et</strong></span> <span class='ocrx_word' id='word_1_202' title='bbox 658 3463 732 3553; x_wconf 91' lang='lat' dir='ltr'><strong>ipsa</strong></span> <span class='ocrx_word' id='word_1_203' title='bbox 758 3463 829 3530; x_wconf 88' lang='lat' dir='ltr'><strong>suis</strong></span> <span class='ocrx_word' id='word_1_204' title='bbox 854 3463 1033 3569; x_wconf 81' lang='lat' dir='ltr'><strong>gaudebat</strong></span> <span class='ocrx_word' id='word_1_205' title='bbox 1058 3463 1161 3569; x_wconf 79' lang='lat' dir='ltr'><strong>ludis,</strong></span> <span class='ocrx_word' id='word_1_206' title='bbox 1179 3472 1217 3533; x_wconf 89' lang='lat' dir='ltr'><strong>et</strong></span> 
     </span>
    </p>
   </div>
   <div class='ocr_carea' id='block_1_5' title="bbox 34 3575 1218 3671">
    <p class='ocr_par' dir='ltr' id='par_1_5' title="bbox 34 3575 1218 3671">
     <span class='ocr_line' id='line_1_29' title="bbox 34 3575 1218 3671; baseline 0.007 -31"><span class='ocrx_word' id='word_1_207' title='bbox 34 3577 35 3580; x_wconf 74' lang='grc'>’</span> <span class='ocrx_word' id='word_1_208' title='bbox 168 3575 311 3665; x_wconf 89' lang='lat' dir='ltr'><strong>propius</strong></span> <span class='ocrx_word' id='word_1_209' title='bbox 328 3576 450 3646; x_wconf 90' lang='lat' dir='ltr'><strong>aberat</strong></span> <span class='ocrx_word' id='word_1_210' title='bbox 467 3600 488 3646; x_wconf 92' lang='lat' dir='ltr'><strong>a</strong></span> <span class='ocrx_word' id='word_1_211' title='bbox 506 3577 656 3668; x_wconf 89' lang='lat' dir='ltr'><strong>Delphis</strong></span> <span class='ocrx_word' id='word_1_212' title='bbox 673 3586 711 3646; x_wconf 91' lang='lat' dir='ltr'><strong>et</strong></span> <span class='ocrx_word' id='word_1_213' title='bbox 728 3575 880 3669; x_wconf 78' lang='lat' dir='ltr'><strong>Pythioo</strong></span> <span class='ocrx_word' id='word_1_214' title='bbox 897 3578 1111 3661; x_wconf 82' lang='lat' dir='ltr'><strong>certamine3</strong></span> <span class='ocrx_word' id='word_1_215' title='bbox 1135 3601 1218 3671; x_wconf 80' lang='lat' dir='ltr'><strong>quae</strong></span> 
     </span>
    </p>
   </div>
   <div class='ocr_carea' id='block_1_6' title="bbox 162 3687 1220 4360">
    <p class='ocr_par' dir='ltr' id='par_1_6' title="bbox 162 3687 1220 4243">
     <span class='ocr_line' id='line_1_30' title="bbox 168 3687 1218 3786; baseline 0.006 -30"><span class='ocrx_word' id='word_1_216' title='bbox 168 3696 347 3778; x_wconf 89' lang='lat' dir='ltr'><strong>praeterea,</strong></span> <span class='ocrx_word' id='word_1_217' title='bbox 372 3687 479 3781; x_wconf 88' lang='lat' dir='ltr'><strong>(quod</strong></span> <span class='ocrx_word' id='word_1_218' title='bbox 506 3692 631 3782; x_wconf 89' lang='lat' dir='ltr'><strong>saepius</strong></span> <span class='ocrx_word' id='word_1_219' title='bbox 653 3692 822 3761; x_wconf 89' lang='lat' dir='ltr'><strong>docemur</strong></span> <span class='ocrx_word' id='word_1_220' title='bbox 847 3715 869 3760; x_wconf 90' lang='lat' dir='ltr'><strong>a</strong></span> <span class='ocrx_word' id='word_1_221' title='bbox 888 3690 1056 3786; x_wconf 89' lang='lat' dir='ltr'><strong>Pindaro)</strong></span> <span class='ocrx_word' id='word_1_222' title='bbox 1075 3688 1218 3785; x_wconf 85' lang='lat' dir='ltr'><strong>AEginoe</strong></span> 
     </span>
     <span class='ocr_line' id='line_1_31' title="bbox 162 3803 1220 3897; baseline 0.006 -27"><span class='ocrx_word' id='word_1_223' title='bbox 162 3803 382 3894; x_wconf 89' lang='lat' dir='ltr'><strong>jungebatur</strong></span> <span class='ocrx_word' id='word_1_224' title='bbox 398 3805 529 3874; x_wconf 88' lang='lat' dir='ltr'><strong>eximia</strong></span> <span class='ocrx_word' id='word_1_225' title='bbox 542 3807 693 3896; x_wconf 92' lang='lat' dir='ltr'><strong>quadam</strong></span> <span class='ocrx_word' id='word_1_226' title='bbox 707 3807 963 3876; x_wconf 88' lang='lat' dir='ltr'><strong>consuetudine</strong></span> <span class='ocrx_word' id='word_1_227' title='bbox 975 3806 1120 3897; x_wconf 90' lang='lat' dir='ltr'><strong>;-quid</strong></span> <span class='ocrx_word' id='word_1_228' title='bbox 1136 3805 1220 3876; x_wconf 91' lang='lat' dir='ltr'><strong>Pin·</strong></span> 
     </span>
     <span class='ocr_line' id='line_1_32' title="bbox 169 3918 1219 4014; baseline 0.005 -29"><span class='ocrx_word' id='word_1_229' title='bbox 169 3918 304 3999; x_wconf 88' lang='lat' dir='ltr'><strong>darum,</strong></span> <span class='ocrx_word' id='word_1_230' title='bbox 323 3919 476 4010; x_wconf 89' lang='lat' dir='ltr'><strong>inquam,</strong></span> <span class='ocrx_word' id='word_1_231' title='bbox 502 3921 616 3990; x_wconf 92' lang='lat' dir='ltr'><strong>vetuit</strong></span> <span class='ocrx_word' id='word_1_232' title='bbox 642 3944 663 3990; x_wconf 92' lang='lat' dir='ltr'><strong>a</strong></span> <span class='ocrx_word' id='word_1_233' title='bbox 688 3929 812 3990; x_wconf 92' lang='lat' dir='ltr'><strong>tenero</strong></span> <span class='ocrx_word' id='word_1_234' title='bbox 838 3943 967 4014; x_wconf 88' lang='lat' dir='ltr'><strong>ungue,</strong></span> <span class='ocrx_word' id='word_1_235' title='bbox 985 3921 1079 4011; x_wconf 92' lang='lat' dir='ltr'><strong>quod</strong></span> <span class='ocrx_word' id='word_1_236' title='bbox 1104 3921 1219 4003; x_wconf 91' lang='lat' dir='ltr'><strong>aiunt,</strong></span> 
     </span>
     <span class='ocr_line' id='line_1_33' title="bbox 170 4031 1220 4126; baseline 0.008 -28"><span class='ocrx_word' id='word_1_237' title='bbox 170 4031 318 4103; x_wconf 87' lang='lat' dir='ltr'><strong>volitare</strong></span> <span class='ocrx_word' id='word_1_238' title='bbox 351 4034 387 4102; x_wconf 95' lang='lat' dir='ltr'><strong>in</strong></span> <span class='ocrx_word' id='word_1_239' title='bbox 423 4038 616 4126; x_wconf 87' lang='lat' dir='ltr'><strong>gymnasio,</strong></span> <span class='ocrx_word' id='word_1_240' title='bbox 648 4037 777 4106; x_wconf 90' lang='lat' dir='ltr'><strong>versari</strong></span> <span class='ocrx_word' id='word_1_241' title='bbox 808 4060 889 4106; x_wconf 90' lang='lat' dir='ltr'><strong>cum</strong></span> <span class='ocrx_word' id='word_1_242' title='bbox 923 4035 1077 4117; x_wconf 91' lang='lat' dir='ltr'><strong>athletis,</strong></span> <span class='ocrx_word' id='word_1_243' title='bbox 1107 4035 1220 4107; x_wconf 86' lang='lat' dir='ltr'><strong>oculis</strong></span> 
     </span>
     <span class='ocr_line' id='line_1_34' title="bbox 169 4146 970 4243; baseline 0.007 -28"><span class='ocrx_word' id='word_1_244' title='bbox 169 4146 357 4239; x_wconf 93' lang='lat' dir='ltr'><strong>animoque</strong></span> <span class='ocrx_word' id='word_1_245' title='bbox 375 4150 533 4219; x_wconf 87' lang='lat' dir='ltr'><strong>fortunas</strong></span> <span class='ocrx_word' id='word_1_246' title='bbox 550 4152 765 4221; x_wconf 89' lang='lat' dir='ltr'><strong>certantium</strong></span> <span class='ocrx_word' id='word_1_247' title='bbox 782 4151 970 4243; x_wconf 74' lang='lat' dir='ltr'><strong>prosequi?</strong></span> 
     </span>
    </p>

    <p class='ocr_par' dir='ltr' id='par_1_7' title="bbox 220 4260 1219 4360">
     <span class='ocr_line' id='line_1_35' title="bbox 220 4260 1219 4360; baseline 0.008 -31"><span class='ocrx_word' id='word_1_248' title='bbox 220 4260 302 4330; x_wconf 91' lang='lat' dir='ltr'><strong>Jam</strong></span> <span class='ocrx_word' id='word_1_249' title='bbox 333 4265 361 4331; x_wconf 89' lang='lat' dir='ltr'><strong>si</strong></span> <span class='ocrx_word' id='word_1_250' title='bbox 385 4265 442 4332; x_wconf 87' lang='lat' dir='ltr'><strong>eui</strong></span> <span class='ocrx_word' id='word_1_251' title='bbox 462 4266 625 4354; x_wconf 88' lang='lat' dir='ltr'><strong>jejunum</strong></span> <span class='ocrx_word' id='word_1_252' title='bbox 655 4267 816 4336; x_wconf 90' lang='lat' dir='ltr'><strong>videatur</strong></span> <span class='ocrx_word' id='word_1_253' title='bbox 846 4276 883 4335; x_wconf 89' lang='lat' dir='ltr'><strong>et</strong></span> <span class='ocrx_word' id='word_1_254' title='bbox 911 4265 1004 4336; x_wconf 88' lang='lat' dir='ltr'><strong>exile</strong></span> <span class='ocrx_word' id='word_1_255' title='bbox 1032 4288 1219 4360; x_wconf 83' lang='lat' dir='ltr'><strong>argumen-</strong></span> 
     </span>
    </p>
   </div>
   <div class='ocr_carea' id='block_1_7' title="bbox 0 0 1394 4876">
    <p class='ocr_par' dir='ltr' id='par_1_8' title="bbox 0 0 1394 4876">
     <span class='ocr_line' id='line_1_36' title="bbox 0 0 1394 4876; baseline 0 0"><span class='ocrx_word' id='word_1_256' title='bbox 0 0 1394 4876; x_wconf 95' lang='lat' dir='ltr'><strong> </strong></span> 
     </span>
    </p>
   </div>
  </div>
 </body>
</html>
