2768 4876
123 323 339 369 1166616661.
397 308 556 372 Lucretiae
571 316 664 372 meato
670 310 804 393 sortasse
818 318 934 392 coptus.
1107 304 1173 377 685,

121 479 222 549 61661
262 478 344 549 libri
382 481 666 575 significationes,
699 507 771 552 non
810 484 903 553 bene
940 483 1022 552 ferri
1050 506 1072 552 a
1108 483 1177 574 piis

119 592 299 686 bonisque
320 596 401 666 viris
427 597 483 668 vel
514 599 626 690 ipsam
654 597 801 690 Epicuri
830 598 1060 679 mentionem,
1086 597 1179 688 ejus-

116 733 195 802 que
222 710 268 780 de
293 709 372 781 Diis
397 712 656 784 immortalibus
680 715 876 784 sententiae.
930 712 1063 783 Lenius
1087 712 1179 782 mul-

115 835 161 895 to
189 825 400 919 plerumque
429 830 561 899 nostri:
593 830 723 922 quippe
749 830 808 921 qui
835 852 855 899 e
881 828 1076 922 longinquo
1102 851 1177 898 rem

117 948 315 1032 spectent3
350 940 552 1034 Epicureos),
584 941 734 1024 Stoicos,
764 965 1053 1034 unamquamque
1084 951 1182 1012 vete·

118 1079 210 1125 rum
238 1054 417 1139 familiam,
438 1059 513 1149 pari
538 1058 650 1128 161166
675 1056 806 1127 61166111
832 1057 1064 1148 contemplari
1091 1057 1180 1127 sole-

120 1180 212 1256 ant3
235 1173 470 1243 misereantur
486 1175 604 1266 potius
621 1175 790 1256 omnium,
808 1196 914 1266 quam
931 1173 1013 1243 ullis
1029 1175 1180 1244 irascan-

123 1293 199 1354 1111.

181 1400 286 1484 Quod
304 1404 332 1472 si
350 1405 410 1494 qui
435 1403 597 1476 ferendos
616 1404 780 1496 judicant
800 1403 880 1474 illos
903 1404 1024 1485 etiam,
1044 1402 1104 1494 qui
1121 1400 1181 1468 111-

133 1515 217 1608 gide
243 1518 435 1609 disputant,
461 1544 559 1590 more
589 1520 797 1601 scholarum,
825 1543 870 1589 ex
894 1517 1038 1611 Epicuri
1065 1517 1182 1586 edicto

132 1639 169 1701 61
194 1631 368 1716 1ο1111616;
393 1635 510 1704 multo
535 1637 657 1729 magis,
679 1637 812 1728 opinor,
836 1633 1027 1704 tolerabilis
1053 1633 1120 1701 erit
1145 1633 1183 1701 in

134 1747 260 1816 eodem
288 1739 498 1841 argumento
524 1750 660 1821 Poeta:
691 1751 752 1842 qui
778 1751 890 1842 primo
917 1758 972 1819 tot
997 1749 1106 1818 babet
1132 1749 1184 1818 di-

136 1863 308 1934 verticula
324 1873 362 1934 61
379 1867 565 1948 discursus,
583 1888 733 1957 quorum
754 1887 860 1957 opera
877 1864 975 1956 quasi
999 1865 1035 1931 in
1058 1863 1183 1932 umbra

134 1977 297 2048 collocari
324 1981 461 2072 possint
489 1981 662 2051 odiosiora
685 2002 852 2071 quaeque:
879 1979 1007 2048 deinde
1031 2000 1076 2046 ex
1103 1977 1182 2070 lege

136 2104 171 2165 et
187 2099 390 2190 praesoripto
404 2100 519 2191 operis
537 2099 602 2179 sui,
615 2098 795 2167 licentiam
812 2096 921 2166 habet
934 2095 1029 2164 aliud
1043 2094 1181 2187 agendi,

136 2219 241 2304 atque
262 2211 364 2296 illud,
382 2215 475 2306 quod
502 2237 572 2305 prae
597 2213 728 2282 661611
754 2221 790 2281 61
817 2218 984 2280 ostentat.
1037 2210 1183 2300 Exque

135 2323 293 2405 efficitur,
321 2326 397 2395 fieri
427 2335 609 2419 possent
637 2347 775 2396 summa
801 2323 975 2416 poematis
1003 2321 1118 2413 palam
1146 2330 1182 2390 et

137 2449 257 2530 aperte
283 2450 390 2533 neget
416 2464 492 2511 6666
515 2441 571 2510 vel
599 2440 728 2511 Manes
748 2439 804 2509 vel
829 2439 937 2520 Deos,
955 2459 1036 2507 cum
1063 2446 1183 2505 tamen

135 2554 247 2624 omnis
265 2556 340 2646 ejus
358 2565 459 2625 tenor
477 2567 584 2648 atque
602 2556 738 2625 indoles
754 2556 859 2625 faciat
877 2578 958 2625 cum
977 2554 1019 2622 iis
1033 2554 1093 2644 qui
1111 2554 1185 2644 pie-

136 2677 248 2740 tatem
265 2678 396 2738 amant.

189 2783 355 2868 Habetis,
382 2783 598 2869 Academici,
625 2811 688 2858 cur
717 2787 934 2868 crediderim,
964 2784 1183 2863 Lucretium,

138 2923 217 2970 cum
241 2910 278 2970 et
300 2900 413 2970 Poeta
439 2903 610 2986 extiterit,
629 2914 666 2973 61
684 2927 727 2973 66
747 2904 899 2995 viguerit
925 2911 1096 2992 tempore,
1114 2923 1185 2990 quo

137 3016 293 3086 nondum
313 3015 475 3085 eluxerat
495 3019 585 3087 ratio
604 3041 685 3088 vere
703 3018 830 3100 divina,
842 3017 1022 3108 judicibus
1040 3038 1184 3085 usurum
1216 3028 1218 3033 ·

138 3129 257 3222 paullo
288 3132 561 3224 benignioribus.
618 3133 803 3215 Praeterea,
834 3143 936 3202 vetus
970 3142 1024 3202 est
1057 3132 1185 3221 opinio,

138 3246 245 3316 161666
270 3246 371 3316 111616
398 3248 512 3317 virum
539 3250 590 3319 ita
615 3258 759 3342 captum
786 3258 905 3318 mente
932 3257 969 3317 et
995 3250 1187 3327 66161661

138 3362 265 3453 aaepius
290 3371 410 3431 tamen
431 3363 608 3433 frueretur
632 3367 782 3435 sanitate
801 3374 837 3434 61
855 3363 1185 3454 1666166161111161-

139 3498 207 3566 que
237 3478 491 3569 gravisaimum
521 3503 584 3570 per
617 3483 685 3550 ista
718 3477 912 3559 intervalla,
944 3478 1118 3565 cantando
1149 3486 1185 3545 et

137 3591 416 3683 philosophando
433 3596 532 3684 quasi
550 3595 698 3666 falleret.
739 3594 892 3676 Eusebi,
907 3595 1085 3686 diligentis
1102 3616 1185 3663 6666

139 3709 301 3788 66616116,
320 3707 491 3778 disertum
515 3711 558 3779 de
579 3734 621 3780 ea
646 3733 684 3780 16
707 3712 949 3780 testimonium
976 3718 1085 3778 extat.
1139 3709 1186 3789 16,

140 3843 181 3890 eo
209 3845 302 3920 anno
331 3847 401 3914 quo
431 3823 646 3908 Triumviris,
675 3826 812 3906 Caesari,
844 3824 1023 3915 Pompeio,
1051 3824 1187 3904 Crasso,

141 3938 395 4030 prorogabatur
421 3939 620 4031 imperium,
645 3951 825 4010 mortuum
851 3963 926 4009 6666
953 3940 1038 4007 dicit
1055 3939 1094 4008 T.
1115 3939 1187 4008 Lu-

141 4053 300 4134 cretium,
320 4052 478 4135 Poetam,
497 4055 556 4147 qui
581 4056 739 4147 “poculo
768 4055 939 4125 amatorio
969 4056 1005 4122 in
1032 4055 1185 4123 furorem

143 4186 371 4258 1616666616
389 4166 522 4260 aliquot
540 4169 647 4255 libros
664 4193 727 4262 per
744 4170 928 4239 intervalla
946 4170 1087 4238 insaniae
1105 4192 1190 4238 con·
