2768 4876
196 341 287 390 runc.
299 349 416 392 xxxur.
444 337 571 413 propter
585 349 692 413 vagam
707 330 848 412 atriaque
861 326 1076 393 obscuritatem.
1176 327 1243 394 677

334 493 409 547 Trite
420 495 493 548 solo:
509 495 586 565 juvat
597 495 715 565 integros
727 495 849 549 accedere
861 495 948 549 tantm

336 579 424 651 Atque
435 580 556 636 haurire:
571 582 701 653 juvatque
712 599 797 639 novos
810 580 948 652 decerpere
960 581 1046 643 flores,

337 664 527 738 insignemque
538 685 598 721 meo
610 667 689 737 capiti
700 676 788 737 petere
799 666 862 721 inde
874 684 1008 730 coronam,

335 751 417 806 ¹Uude
425 753 503 822 prius
515 753 582 807 nulli
593 753 705 807 velarint
716 762 837 822 tempora
848 752 945 806 Musa.

166 862 328 956 Ecquis
348 889 514 957 uuquam,
533 866 688 948 obsecro,
706 875 769 936 aut
792 867 907 936 verius
932 874 994 936 aut
1018 867 1157 935 suavius
1180 889 1243 935 ex-

163 981 322 1072 plicuit
359 1005 480 1052 eorum
518 991 686 1064 mentem,
722 983 781 1073 qui
817 981 853 1048 iu
888 1004 1032 1050 nemore
1069 990 1242 1074 vagantur

153 1096 327 1179 aestivo,
344 1096 555 1189 placentque
572 1097 637 1166 sibi
655 1097 691 1164 in
709 1097 813 1165 devio
830 1117 971 1186 quoque
988 1096 1124 1175 itinere,
1143 1096 1241 1186 quasi

152 1211 262 1302 jam
282 1213 427 1282 taudem
442 1236 480 1284 se
492 1213 668 1304 recepturi
686 1212 757 1282 sint
774 1212 811 1280 in
828 1210 981 1281 latebras
994 1210 1128 1301 aliquas
1145 1209 1240 1301 prius

163 1327 346 1398 intactas
362 1328 589 1399 homiuibus?

239 1443 351 1526 Quid,
370 1445 465 1535 quod
483 1444 643 1514 Numina
660 1445 842 1537 sylvestria
862 1444 987 1513 lubens
1012 1442 1240 1520 nominatae

169 1568 297 1628 vocat
315 1560 351 1628 iu
369 1568 486 1651 partes
503 1583 592 1641 suas,
610 1562 669 1652 qui
697 1560 782 1630 alias
799 1560 835 1629 iu
854 1583 917 1629 sua
934 1559 1088 1628 camuiua
1104 1554 1240 1625 fabulas

173 1675 366 1765 ejusmodi
383 1676 557 1745 rarissime
573 1677 762 1746 admittere
779 1676 890 1746 soleat
901 1671 942 1744 ¹¹?

336 1811 403 1864 Haec
415 1813 473 1864 loca
484 1809 636 1880 capripedes
650 1809 768 1880 Satyros,
781 1809 809 1863 N
810 1809 975 1880 ymphasque
987 1818 1075 1862 tenere

335 1897 452 1950 Finitimi
464 1897 580 1966 fingunt,
592 1906 619 1951 et
631 1897 737 1950 Faunos
750 1913 808 1950 csse
819 1897 975 1966 loquuntur,

336 1982 459 2043 Quorum
471 1984 612 2053 noctivago
625 1984 745 2052 strepitu,
758 1983 876 2053 ludoque
883 1983 984 2052 jocanti

335 2069 476 2123 Affirmant
488 2071 569 2139 vulgo
580 2069 712 2122 taciturna
724 2069 828 2122 silentia
838 2069 936 2138 rumpi,

333 2155 556 2227 Chordammque
567 2173 649 2210 sonos
662 2155 727 2219 fieri,
740 2155 884 2226 dulcesque
895 2157 1023 2226 querelas,

331 2242 410 2296 'libia
422 2260 487 2313 quas
499 2242 596 2306 fundit,
610 2242 699 2313 digitis
712 2243 816 2312 pulsata
828 2249 984 2296 canentum:

335 2328 371 2383 Et
381 2346 467 2399 genus
478 2329 625 2399 agricdum
633 2330 688 2382 late
699 2329 849 2392 sentiscere,
860 2345 923 2382 cum
935 2328 1000 2392 Pan,

335 2412 417 2468 Pinea
428 2414 542 2467 semiferi
554 2414 646 2483 capitis
658 2414 789 2468 velamina
800 2431 938 2484 quassans,

333 2499 414 2553 cho
427 2516 496 2568 saepe
507 2499 582 2553 labro
594 2501 709 2553 calamos
720 2500 850 2569 percurrit
861 2500 973 2563 hiantes,

333 2583 434 2638 Fistula
445 2585 592 2639 silvestrem
603 2602 637 2638 ue
649 2593 733 2638 cesset
744 2583 856 2638 fundere
867 2584 984 2638 Musam.

243 2706 328 2777 Alia
353 2729 455 2798 porro
477 2706 596 2789 habet,
619 2731 699 2799 quae
725 2731 797 2776 non
823 2708 929 2777 dubie
955 2709 1152 2800 significent
1178 2731 1238 2776 cu-

193 2823 274 2912 pide
291 2821 479 2913 aliquaudo
493 2832 669 2893 versatum
685 2824 720 2891 in
735 2847 919 2893 nemoroso
933 2824 1086 2914 quodam
1104 2831 1236 2904 moute,

197 2939 383 3028 Apennino
400 2938 557 3020 fortasse,
575 2939 649 3006 sive
666 2937 766 3007 Pelio
777 2935 797 3006 ¹.

332 3075 369 3128 At
381 3093 451 3145 saepe
463 3076 491 3128 in
502 3077 607 3146 magnis
620 3076 650 3130 fit
662 3077 809 3141 montibus,
821 3079 919 3148 inquis,
933 3087 963 3130 ut
975 3078 1034 3130 altis

333 3161 481 3216 Arboribus
493 3162 580 3216 vicina
592 3163 729 3217 cacumina
741 3181 846 3218 summa
857 3172 977 3217 terantur

334 3245 407 3300 Inter
418 3264 454 3309 se,
466 3247 560 3302 validis
572 3249 658 3303 facere
669 3249 697 3303 id
709 3250 866 3319 cogentibus
879 3249 994 3312 Austris,

333 3331 426 3386 Donec
437 3332 571 3388 fulserunt
581 3335 695 3389 flammae
706 3335 811 3406 fulgore
823 3343 922 3389 coorto.

335 3416 454 3472 Scilicetz
473 3427 499 3472 et
511 3437 567 3474 uon
579 3429 618 3474 est
630 3421 710 3491 liguis
723 3430 812 3475 tamen
823 3422 919 3474 insitus
931 3421 1018 3490 ignis3

332 3504 433 3558 Verum
444 3506 547 3559 semina
559 3516 623 3561 sunt
635 3508 736 3562 ardoris
748 3509 842 3571 multa,
853 3507 963 3561 terendo

332 3589 401 3650 Quae
414 3610 475 3646 cum
488 3593 646 3657 confluxere,
660 3604 749 3647 creant
759 3593 882 3647 incendia
894 3594 983 3664 sylvis.

333 3673 415 3732 Quod
427 3676 450 3729 si
461 3685 535 3730 tauta
545 3677 613 3732 foret
625 3679 706 3749 sylvis
719 3678 873 3733 abscondita
884 3679 999 3741 flamma,

331 3759 395 3814 Non
407 3771 517 3831 possent
528 3764 614 3817 ullum
627 3772 732 3834 tempus
745 3765 851 3818 celarier
862 3766 947 3835 ignes,

327 3845 499 3902 conficerent
511 3851 593 3920 vulgo
606 3851 701 3921 sylvas,
715 3851 824 3904 arbusta
835 3860 990 3904 cremarent

242 3980 427 4051 Videtisne
444 3984 595 4053 eundem
614 3986 743 4053 servari
760 3985 962 4055 aLucretio
980 3993 1150 4063 tenorem,
1162 3983 1236 4052 sive

195 4093 237 4162 de
256 4093 347 4164 caelis
371 4104 505 4188 agatur,
524 4098 596 4166 sive
615 4099 658 4168 de
680 4097 809 4191 sylvis?
861 4099 1002 4170 Arcana
1020 4120 1167 4194 semper,
1186 4097 1238 4166 in-

330 4262 347 4300 ¹¹
360 4263 439 4318 Lucr.
453 4283 478 4330 4.
492 4265 552 4333 5⁵³⁴-
976 4267 985 4304 ¹
998 4284 1023 4321 1.
1036 4267 1097 4338 896.
