2768 4876
166 314 230 380 498
390 364 392 369 .
447 312 496 375 De
510 310 610 376 balaeo
623 309 777 396 ctfostica
793 307 906 374 chorea.
1037 331 1213 377 ranam.

166 480 247 547 dam
282 479 327 547 de
361 478 664 570 splendidioribus,
698 496 720 548 a
755 478 946 560 verisimili,
976 499 1035 547 me
1069 481 1213 570 quidem

159 594 293 685 judice,
306 616 377 661 non
395 592 549 662 multum
567 592 770 664 abhorrebit
787 594 863 684 ejus
880 593 1095 684 conjectura.
1130 593 1214 663 Jam

167 729 238 774 non
255 706 406 799 figurato
425 707 486 776 sed
507 709 647 799 proprio
665 730 825 777 sermone
842 708 965 779 laudat
981 708 1112 800 alioqui
1131 707 1214 778 Pin·

168 821 272 889 darus
289 820 473 913 epularum
491 820 634 892 delicias
644 831 671 890 P.

189 955 193 961 ’
216 958 220 966 '
306 957 418 1028 ἁσυχίαν
430 957 457 1010 δὲ
469 958 545 1028 φιλεῖ
555 958 602 1025 μὲν
614 959 770 1026 συμπόσιον·
788 957 912 1027 νεοθαλὴς
924 956 946 1011 δ’
960 958 1063 1025 αὔξεται

305 1043 424 1112 μαλθακᾷ
436 1043 573 1113 νικοφόρια
585 1043 634 1097 σὺν
645 1041 729 1111 ἀοιδᾷ·
749 1042 884 1112 θαρσαλέα
896 1042 925 1096 δέ
935 1043 1006 1113 παρὰ
1018 1045 1132 1113 κρητῆρα
1140 1042 1213 1114 dard

412 1129 535 1200 γίγνεται·

307 1212 444 1285 ἐγκιρνάτω
456 1210 495 1268 τίς
506 1233 558 1281 μιν,
570 1210 668 1282 γλυκὺν
680 1211 765 1278 κώμου
776 1208 923 1280 προφάταν,

305 1299 458 1371 ἀργυρέοισι
470 1299 497 1352 δὲ
510 1295 616 1366 νωμάτω
628 1294 752 1366 φιάλαισι
763 1293 855 1360 βιάταν

304 1385 422 1455 ἀμπέλου
433 1383 513 1447 παῖδ’,
525 1382 555 1439 dr
566 1381 624 1437 ποθ
636 1381 710 1436 ἰ’πποι
723 1380 877 1451 κτησάμενοι
889 1382 993 1453 Χρομίῳ

307 1472 416 1542 πέμψαν
428 1469 606 1540 θεμιπλέκτοις
616 1465 669 1538 ἅμα

307 1556 417 1611 Λατοῖδά
428 1555 569 1627 στεφάνοις
580 1555 608 1608 ἐκ
620 1558 665 1610 τᾶς
678 1555 746 1625 lepris
758 1558 891 1610 Σικυῶνος.

164 1677 317 1761 'Dextra
338 1686 379 1747 ut
404 1675 545 1757 assolet,
572 1677 609 1744 in
634 1672 848 1765 triumphale
874 1673 1075 1742 convivium
1101 1682 1215 1744 crate·-

167 1815 223 1862 ras
240 1792 358 1879 infert,
375 1793 532 1884 priorum
549 1789 782 1859 certaminum
801 1787 957 1880 praemia.

163 1922 165 1926 '
218 1907 347 1998 Neque
377 1927 459 1976 vero
489 1905 577 1974 illud
612 1904 899 1996 praetereundum
929 1901 1090 1986 arbitror,
1117 1902 1211 1994 quod

158 2024 257 2113 justo
287 2023 440 2091 carmine
470 2022 634 2113 dignatus
664 2027 718 2088 est
748 2018 1000 2087 commendare
1030 2017 1209 2099 balneum,

166 2138 340 2229 palaestrae
357 2136 533 2218 solatium,
551 2135 734 2228 epularum
752 2130 954 2204 comiteur.

307 2281 367 2335 οὐδὲ
379 2280 474 2351 θερμὸν
485 2278 554 2350 ὕδωρ
567 2281 650 2342 τόσονΙ
657 2300 689 2349 γε
701 2276 819 2346 μαλθακά
831 2275 917 2348 τέγγει

306 2371 376 2437 γυῖα,
388 2369 489 2422 τόσσον
501 2366 606 2437 εὐλογῖυ
618 2366 747 2435 φόρμιγγι
759 2361 895 2434 συνάορος.

217 2479 339 2572 Atque
363 2482 431 2552 boc
449 2482 591 2572 quidem
617 2480 746 2550 semel:
774 2479 902 2549 chorea
920 2500 1003 2549 vero
1020 2480 1157 2563 festiva,
1175 2489 1212 2550 et

166 2618 296 2688 pompa
321 2597 594 2678 comissantium,
613 2619 683 2686 qua
703 2595 819 2687 excipi
838 2596 1009 2664 victorem
1034 2618 1112 2666 mos
1137 2604 1214 2666 erat

167 2711 263 2779 domi
280 2734 302 2779 a
318 2710 398 2792 suis,
415 2712 545 2780 iterum
562 2713 763 2801 iterumque
780 2709 980 2780 celebratur
997 2711 1072 2802 ejus
1089 2712 1214 2780 carmi·

167 2826 282 2908 nibus,
300 2849 380 2896 cum
400 2827 531 2896 eximia
547 2828 698 2917 quadam
724 2825 980 2917 significatione
1002 2826 1212 2919 gratulantis

167 2941 286 3010 animi.
341 2941 475 3031 Atque,
502 2964 570 3031 quo
601 2941 754 3032 penitius
781 2940 1003 3033 intelligatur
1029 2944 1212 3036 egregium

169 3055 311 3126 Pindari
338 3079 383 3126 ex
408 3055 475 3126 hac
500 3064 600 3149 parte
625 3055 820 3137 consilium,
839 3057 1099 3127 consideremus
1115 3080 1214 3148 quae-

167 3193 250 3241 nam
297 3171 403 3240 fuerit
449 3171 671 3263 potissimum
720 3171 917 3240 istiusmodi
958 3176 1068 3253 κωμῶν
1110 3173 1212 3242 ratio.

169 3284 312 3379 Nempe
346 3294 425 3377 post
456 3284 610 3356 delatam
640 3308 815 3366 coronam,
845 3285 981 3356 'solenni
1012 3287 1134 3357 ordine
1159 3310 1213 3358 so-

161 3400 264 3471 dales
282 3409 319 3469 et
336 3401 440 3469 amici
457 3401 608 3483 victoris,
627 3423 709 3470 cum
732 3401 818 3492 ipso,
840 3401 884 3470 ad
908 3400 1081 3492 templum
1105 3401 1215 3472 alicu-

161 3517 222 3606 jus
239 3516 398 3585 Deorum
416 3515 638 3585 incedebant.
688 3513 838 3596 Deinde,
856 3517 947 3585 votis
964 3516 1032 3585 rite
1048 3517 1214 3608 peractis,

163 3631 409 3700 deducebatur
424 3631 519 3699 idem
537 3630 652 3700 fausto
669 3629 822 3700 clamore
839 3654 880 3702 ac
898 3639 1016 3700 cantu.
1066 3631 1215 3705 Poterat

169 3753 289 3814 autem
317 3766 359 3813 ea
388 3766 517 3837 pompa
541 3745 617 3813 fieri
643 3744 700 3813 vel
726 3744 962 3836 ibidemque
987 3747 1215 3837 pertinebant

163 3858 252 3941 ludi,
270 3859 327 3929 vel
345 3860 440 3929 domi
460 3860 568 3950 juxta
593 3859 843 3951 triumphantis
868 3859 1012 3930 athletae
1034 3861 1215 3946 reditum

168 3995 211 4042 ea
234 3974 340 4043 modo
370 3974 449 4067 lege
475 3983 622 4057 servata,
648 3982 689 4043 ut
715 3997 844 4068 magna
868 3976 944 4066 ejus
969 3998 1108 4067 pompoe
1134 3999 1216 4069 pars

165 4097 260 4158 esset
276 4089 437 4173 ἐπινικίον,
455 4091 548 4181 quod
566 4089 802 4181 appellabant,
821 4112 972 4161 carmen.

308 4316 322 4354 P
341 4308 415 4360 Nem.
428 4325 454 4377 9.
471 4322 531 4376 115.
894 4318 908 4354 (1
927 4307 993 4360 ibid.
1007 4327 1033 4374 4.
1048 4321 1073 4378 7.
