2768 4876
163 347 364 390 nannsxxm.
400 324 532 388 νιιασίοιι
541 321 706 408 patemtiae
719 332 748 388 ot
759 324 977 390 ινιλοόοοκόόω
988 325 1102 411 pratia.
1148 326 1212 392 447

165 497 339 566 insaniam
362 517 461 565 suam
487 516 559 564 non
584 493 728 564 acerbos
745 495 833 565 adeo
851 496 1048 566 detestatur
1064 496 1212 582 dolores,

166 635 274 705 quam
301 612 486 704 indignum
512 610 621 680 habet
647 609 792 693 facinuS,
813 611 1048 703 impotentem
1074 635 1112 683 se
1136 614 1213 684 fieri

166 727 300 821 linguae
327 750 408 809 suae,
431 726 616 817 verbisque
643 726 832 796 inconditis
861 728 982 818 inepte
1010 751 1051 799 ae
1078 736 1213 800 temere

166 837 330 910 efferrik:

379 935 483 1006 θολεροὶ
495 934 524 988 δὲ
535 937 611 1006 λόγοι
622 935 726 991 παίουσ’
739 936 792 1004 εἶκῆ

379 1024 490 1092 σπιγνῆε
501 1023 566 1091 πρὸς
577 1021 688 1091 κύμασιν
699 1021 769 1090 ότητ-

218 1153 264 1222 In
291 1153 346 1222 his
376 1152 523 1222 fortasse
552 1154 713 1223 nonnihil
743 1155 935 1246 adjuvabit,
967 1155 996 1224 si
1026 1176 1214 1245 componas

169 1270 344 1364 virgineos
369 1267 474 1339 fletus
500 1292 582 1339 eum
610 1270 824 1341 Prometheo
851 1271 1124 1364 indignantem
1149 1271 1215 1339 mi-

169 1407 231 1454 nas
248 1381 439 1477 spirante¹z

380 1529 406 1582 τί
416 1528 482 1582 ποτέ
491 1528 527 1598 μ’,
540 1527 561 1582 δι
573 1531 666 1599 Κρόνιε
676 1531 731 1593 ποῖ,

380 1635 405 1668 τι
417 1617 480 1669 τότε
494 1613 578 1669 τοῖσδ
592 1614 723 1682 ἐνεζεόξος
734 1615 814 1684 εὑρὼν

380 1699 545 1772 ἁμάρτουσσν
557 1700 584 1755 ἔν
595 1703 766 1769 πημοναῖσινς

171 1826 339 1897 Peeeasse
365 1849 403 1897 se
427 1830 574 1899 minime
592 1829 753 1912 dubitat3
780 1831 867 1900 seire
883 1830 991 1899 modo
1008 1828 1104 1909 velit,
1122 1830 1216 1922 quod

172 1943 276 2012 fuerit
293 1943 461 2035 peccandi
479 1967 603 2037 genus.
656 1944 780 2038 Pergit
797 1947 905 2015 adeo:

380 2087 442 2157 πυρὶ
455 2086 564 2158 φλέξον,

381 2172 396 2242 ἢ
409 2172 484 2243 χθονὶ
496 2173 625 2244 κάλυψον,
637 2171 809 2242 ἢσσντίοισιν

380 2260 470 2314 δάκεσι
482 2259 527 2316 δὸς
537 2259 629 2330 βορδν,
641 2258 708 2328 μηδέ
717 2282 761 2330 μοι

381 2344 518 2415 φθονήσῃς
529 2346 669 2418 εὗγμότων,
681 2345 756 2414 ἅναξ.

174 2467 359 2540 Videtisne
384 2469 542 2560 permitti
567 2468 717 2562 Superis'
736 2469 883 2539 modum
908 2491 1049 2561 quoque
1077 2472 1216 2562 poe'nae?

174 2583 204 2652 id
233 2592 376 2653 tantum
405 2585 510 2654 enixe
538 2592 651 2678 rogat,
676 2591 718 2654 ut
745 2565 827 2655 talis
854 2584 909 2666 sit,
934 2607 1013 2675 quae
1039 2585 1084 2654 ad
1109 2585 1216 2655 finem

174 2698 325 2790 aliquem
351 2707 484 2799 vergat,
505 2722 595 2770 neve
619 2700 686 2770 sibi
707 2701 973 2771 discurrendum
995 2701 1052 2784 sit,
1078 2701 1216 2770 infinito

174 2824 342 2913 tempere,
366 2823 444 2886 toto
471 2815 555 2886 orbe
581 2826 765 2887 terrarum.
816 2798 908 2886 Abit
933 2816 1053 2906 itaque
1081 2817 1119 2886 in
1148 2817 1217 2888 alia

174 2931 290 3000 omnia
315 2939 422 3022 atque
447 2931 552 3001 Titan
579 2930 641 3000 ille
668 2928 805 3014 αὐθάδης
834 2939 872 3001 et
898 2932 1145 3015 inexorabilis3
1175 2944 1217 3002 ut

174 3069 241 3116 non
267 3047 361 3116 male
380 3045 556 3130 ‘crederem
582 3047 657 3116 dari
685 3070 749 3138 per
779 3070 858 3117 eam
887 3047 1065 3139 specimen
1092 3049 1218 3118 mulie·

174 3161 241 3233 bria
267 3163 456 3254 patientiae,
473 3186 537 3255 per
557 3162 669 3246 illum,
687 3163 904 3234 fortitudinis
929 3163 1093 3234 masculae
1110 3171 1148 3233 et
1164 3164 1217 3232 in-

175 3279 288 3350 vietae.

220 3391 391 3483 Ejusdem
417 3391 528 3462 ferme
553 3401 650 3464 notae
677 3400 761 3462 sunt
785 3393 864 3475 ista,
888 3415 966 3483 quae
988 3391 1047 3461 vel
1073 3391 1217 3461 Prome-

174 3502 256 3573 theo
274 3504 384 3574 semel
401 3506 543 3599 cognito
561 3492 664 3576 iaeile
682 3506 789 3575 fidem
814 3488 1015 3596 adjunxisee
1033 3526 1112 3574 eam
1138 3526 1215 3573 nar-

176 3629 262 3705 rant,
279 3617 337 3689 vel
354 3621 391 3689 in
409 3620 596 3691 formidine
614 3628 731 3692 suaet
748 3642 888 3714 angore,
901 3642 973 3689 non
990 3619 1066 3690 sine
1083 3619 1217 3688 miseri-

176 3737 291 3807 cordia
308 3736 435 3806 vidisse
459 3759 552 3820 eum,
571 3736 681 3807 talem
697 3737 823 3817 virum,
845 3743 939 3805 tetra
963 3736 1051 3806 adeo
1076 3757 1216 3826 perpes-

176 3871 261 3921 sum.
314 3849 501 3942 Principio,
519 3851 641 3921 audito
658 3852 768 3943 patris
786 3850 910 3919 Inachi
927 3851 1111 3930 nominem,
1149 3886 1152 3894 =

380 4001 435 4051 πῶς
447 3993 468 4048 δ’
481 3997 512 4050 οὔ
525 3995 593 4049 κλύω
605 3999 650 4065 τῆς
661 3993 855 4066 οἰστροδινήτου
867 3997 951 4068 κόρης,

381 4084 426 4150 τῆς
436 4080 561 4153 Ἰναχείας
566 4104 612 4147 3-
936 4074 940 4082 Ι

208 4294 223 4332 ¹¹
240 4297 326 4350 Prom.
340 4296 402 4364 884.
614 4299 624 4336 1
641 4299 708 4352 Ibtd.
722 4313 782 4369 579.
997 4307 1021 4336 ¹¹¹
1038 4298 1105 4351 Ibid.
1118 4311 1178 4369 591.
