2768 4876
163 323 373 379 rnmmxtu.
420 316 498 380 Cum
514 300 855 400 Hierorrosomilioriur
869 335 936 378 eom
950 334 1047 399 ορννο.
1150 315 1215 380 547

215 483 305 556 Post
328 485 457 577 paullo,
475 485 681 576 Damophili
706 507 838 555 nomen
862 486 1010 576 scriptor
1034 483 1151 576 palam
1177 495 1215 554 et

166 609 288 690 aperte
313 601 496 684 nominat3
533 600 657 670 multis
686 608 724 670 et
757 599 935 692 praeclaris
969 598 1065 681 locis,
1093 599 1215 690 quales

166 712 283 783 solent
302 737 379 785 esse
399 715 677 806 deprecantium,
695 714 733 782 in
756 714 832 805 ejus
854 714 919 782 viri
942 713 1093 805 gratiam
1118 713 1217 783 adhi-

166 828 249 898 bitis
259 825 281 899 ¹.

625 923 705 994 pant
717 922 739 977 δ
752 923 832 992 iret*

273 1007 343 1064 τοῦτ’
355 1010 531 1080 ἀνιαροτάτον,
544 1009 611 1062 καλά
622 997 789 1080 γιγνώσκοντ’
802 1007 899 1078 ἀνάγκᾳ

273 1094 347 1151 ἐκτὸς
359 1096 429 1165 ἔχειν
439 1095 516 1149 πόδα·
536 1095 577 1148 καὶ
591 1095 642 1162 μὰν
653 1086 840 1149 κεῖνοςἊτλας
855 1092 954 1164 οὐρανῷ

273 1180 451 1250 προσπαλαίει
462 1184 507 1234 νῦν
517 1200 549 1251 γε
559 1182 680 1249 σατράας
690 1179 741 1233 ἀπὸ
753 1181 802 1251 γᾶς
812 1177 863 1232 ἀπό
875 1200 903 1232 τε
916 1178 1033 1231 κτεάνων

276 1268 345 1321 λῦσε
357 1265 386 1321 δὲ
399 1265 461 1321 Ζεὺς
472 1265 584 1336 ἀφθιτος
594 1268 709 1321 Τιτᾶνας·
729 1265 757 1319 εἰν
768 1264 797 1319 δι’
808 1266 894 1335 χρόνῳ

274 1353 429 1419 μεταβολαὶ,
439 1354 567 1422 ληξάντος
578 1352 671 1422 οὕρον,”

278 1438 377 1492 misrr-

224 1553 321 1629 Illud
355 1561 515 1652 profecto
545 1561 676 1631 eximie
707 1559 943 1641 Pindaricum,
976 1559 1071 1650 quod
1100 1549 1136 1629 in
1164 1562 1220 1630 tot

165 1669 351 1764 tantisque
376 1676 539 1768 negotiis,
565 1683 738 1766 tantoque
763 1673 876 1743 veluti
902 1673 1028 1765 pelago
1054 1674 1221 1744 fabulosae

166 1789 402 1880 antiquitatis,
429 1790 603 1883 significat
629 1813 667 1860 se
693 1788 782 1859 nihil
807 1796 883 1857 tam
906 1787 1136 1857 vehementer
1160 1813 1221 1859 ou-

167 1925 277 1986 rasse,
288 1926 395 1993 quam
411 1927 458 1973 ne
476 1920 581 1974 causa
593 1906 736 1974 caderet
751 1904 887 1975 amicus
904 1925 996 1984 suus,
1011 1900 1110 1990 Θήβᾳ
1128 1898 1222 1994 ξενον

169 2016 247 2092 θείς.
299 2012 359 2088 Sic
390 2020 487 2089 enim
515 2014 657 2114 legitur,
683 2010 759 2111 ipso
788 2011 859 2088 'fine
886 2005 1116 2087 laudatissimi
1148 2031 1223 2088 car·

170 2150 291 2202 mrms.

220 2246 307 2317 Jam
322 2247 530 2328 Hieronem,
544 2248 784 2341 augustiorem
803 2246 896 2316 forte
912 2269 1043 2339 regem,
1057 2246 1120 2315 sed
1136 2248 1222 2315 ami-

168 2358 258 2431 citia
288 2358 355 2432 sibi
381 2363 670 2455 conjunctiorem,
694 2363 900 2432 familiarius
928 2361 1048 2453 paullo
1074 2361 1222 2452 alloqui-

170 2485 241 2559 tur,
259 2489 299 2546 et
315 2499 358 2547 ea
374 2500 461 2548 voce
479 2501 556 2568 quae
581 2476 688 2547 soluti
714 2477 885 2548 sermonis
910 2477 1051 2569 propior
1072 2498 1148 2546 esse
1170 2478 1222 2546 vi·

169 2592 301 2662 deatur
311 2602 348 2661 ¹¹¹.

313 2721 398 2790 χαῖρε·
417 2720 477 2774 τόδε
489 2721 537 2790 μὲν
548 2721 612 2774 κατά
624 2721 767 2774 Φοίνισσαν
779 2718 894 2788 ἐμπολὰν

315 2805 395 2874 μέλος
407 2805 471 2877 ὑπὲρ
483 2809 577 2862 πολιᾶς
588 2805 652 2862 ἁλὸς
662 2805 798 2875 πέμπεται·

317 2928 342 2947 ..
353 2931 360 2946 .
370 2891 462 2964 .γένοι’
470 2890 524 2948 οἶος
533 2893 596 2947 ε’σσὶ
608 2893 703 2962 μαθών·
717 2891 795 2948 καλάς
806 2910 846 2946 τοι
855 2888 940 2946 aldor
947 2889 1017 2962 πορά
1028 2894 1128 2955 παισὶν,
1137 2884 1187 2946 alst

315 2978 402 3034 κάλος·
422 2981 437 3032 ὁ
449 2979 478 3032 δὲ
488 2979 663 3049 Ῥαδάμανθυς
674 2976 703 3032 εὖ
713 2978 854 3048 πέπραγεν,
867 2976 907 3031 ὅτι
918 2979 1021 3049 φρενῶν

314 3063 399 3134 ἔλαχε
419 3066 518 3134 κάρπον
535 3065 680 3134 ἀμώμητον,
696 3061 750 3118 οὔδ’
771 3063 895 3118 ἀπάταισι
914 3064 995 3133 θυμὸν
1014 3063 1133 3133 τέρπεται
1152 3062 1223 3118 άνδοι

351 3148 404 3204 θεν·

314 3232 357 3289 οἶα
368 3235 489 3308 ψιθύρων
500 3237 631 3307 παλάμαις
643 3235 710 3291 ἕπετ’
723 3236 772 3290 αἰεὶ
783 3239 880 3310 βροτῷἱ

314 3321 416 3393 ὅμοχον
427 3325 504 3378 κακὸν
514 3323 673 3395 ἀμφοτέροις
685 3324 820 3390 διαβολιᾶν
831 3323 981 3393 ὑποφάτιες.

186 3506 190 3513 .
224 3445 406 3523 Praeterea
423 3477 507 3524 oum
525 3453 684 3523 Hierone
706 3476 779 3522 non
802 3460 844 3521 ut
861 3475 943 3521 cum
961 3451 1121 3522 Arcesila
1141 3473 1224 3522 cau-

174 3587 250 3636 sam
265 3568 444 3658 quandam
461 3569 537 3661 agit
559 3577 666 3661 poeta
681 3590 745 3660 pro
762 3589 800 3636 re
817 3589 859 3637 ac
875 3575 1048 3659 tempore,
1064 3567 1128 3636 sed
1145 3576 1223 3637 tan-

173 3703 283 3772 quam
298 3703 390 3752 unus
407 3684 483 3774 ejus
508 3683 651 3774 aequalis
669 3685 713 3753 de
737 3683 834 3752 omni
851 3684 989 3754 ratione
1006 3684 1148 3754 vivendi
1168 3707 1223 3752 re-

174 3817 258 3888 gem
274 3797 446 3868 admonet
456 3808 485 3867 ¹¹.

280 3946 369 4002 ἀστῶν
387 3947 410 4002 δ’
427 3948 492 4003 ἀκοὰ
510 3948 621 4021 κρύφιον
637 3950 719 4020 θυμὸν
734 3949 841 4021 βαράνει
857 3947 964 4021 μάλιστ’
977 3950 1099 4005 ἐσλοῖσιν
1117 3949 1156 4004 ἐπ’
1174 3950 1222 4004 ἀλ-

291 4062 294 4066 ·
314 4035 366 4086 λοτ
382 4033 438 4089 ιὀις.

279 4117 339 4172 ἀλλ’
352 4055 431 4189 ὅςιος,
442 4120 564 4192 κρέσσων
574 4122 625 4193 γάρ
637 4122 770 4193 οἰκτιρμοῦ
782 4124 889 4194 φθόνος,

226 4314 235 4352 ¹
254 4316 330 4386 Pyra
346 4336 372 4384 4.
386 4335 447 4386 510.
589 4327 612 4355 ¹¹²
630 4319 738 4375 laica.
755 4336 813 4391 125.
963 4329 974 4352 ¹¹
993 4321 1058 4373 Ibid.
1076 4337 1098 4373 1.
1116 4319 1175 4376 162.

660 4427 686 4476 Ν
703 4433 727 4477 11
746 4416 768 4476 2
