2768 4876
219 289 284 350 520
420 284 541 348 Ludere
555 285 732 348 Ρίνιάαννννι
746 305 813 348 οιννι
827 284 1003 368 Αἰάνροκίία.
1064 305 1160 345 rann.
1177 303 1263 343 xxvi.

271 457 398 548 Neque
417 479 499 526 vero
516 458 545 525 is
562 479 651 539 sum,
667 459 726 548 qui
745 458 879 527 inficias
897 481 985 539 eam,
1003 467 1081 527 tum
1100 456 1168 538 hio,
1184 466 1263 525 tum

220 574 344 664 saepius
380 573 474 663 apud
509 571 703 641 Pindarum
737 573 880 642 subesse
922 573 1054 663 aliquid
1096 571 1264 665 gravioris

219 711 341 770 causac,
372 676 445 758 sine
475 689 519 757 ad
548 689 803 780 rempublicam
833 712 876 759 ea
906 690 1090 782 pertineat,
1117 689 1190 758 sive
1220 685 1263 755 ad

220 805 304 895 ejus,
322 805 382 895 qui
403 803 669 895 praedicabatur,
689 805 857 876 fortunas.
910 805 992 875 Jam
1015 807 1108 876 enim
1137 804 1264 873 docue-

219 930 302 989 runt
319 921 436 988 idonei
456 920 605 1010 judices,
624 921 823 989 mirandum
847 923 883 989 iu
909 921 1053 991 modum
1072 921 1117 989 ab
1135 942 1178 988 eo
1196 940 1266 987 ser-

220 1036 292 1105 vari
322 1057 485 1106 arcanam
514 1036 664 1126 suscepti
698 1038 812 1127 operis
845 1038 1029 1119 rationem,
1064 1036 1173 1106 etiam
1204 1032 1264 1102 ubi

220 1152 397 1222 liberrime
421 1152 562 1243 spatiari
581 1151 752 1232 videatur,
771 1153 869 1222 nulla
892 1154 976 1223 satis
993 1161 1090 1223 certa
1106 1151 1164 1221 vel
1186 1150 1265 1243 lege

222 1265 276 1335 vel
310 1265 465 1335 consilio.
519 1265 684 1335 Manebit
717 1277 847 1349 tamen,
874 1269 911 1336 in
942 1269 1038 1337 omni
1069 1266 1265 1336 carminum

219 1391 399 1473 apparatu,
426 1380 526 1450 velut
551 1382 587 1449 in
610 1380 712 1450 vultu
736 1382 886 1476 alicujus
912 1394 1019 1475 atque
1044 1390 1161 1477 gestu,
1189 1405 1266 1475 ger-

220 1521 360 1567 manam
379 1497 563 1567 scribentis
580 1497 735 1566 indolem
755 1501 851 1567 cerni
869 1523 981 1591 posse.

269 1612 363 1695 Quid
382 1615 476 1703 quod
493 1614 530 1680 iu
548 1615 726 1705 prooemiis
750 1615 939 1705 aliquando
961 1616 1076 1685 facete
1094 1637 1135 1684 ac
1154 1614 1267 1684 suavi-

219 1738 274 1796 ter
290 1729 435 1798 adhibet
461 1753 577 1799 rcrum
601 1753 682 1820 quae
706 1731 771 1799 sub
800 1731 911 1801 oculis
937 1731 1028 1801 forte
1052 1730 1267 1824 gerebantur

219 1846 436 1914 mentionem
451 1855 469 1904 ff
481 1845 495 1915 ί

394 1990 415 2044 δ
427 1992 521 2053 Φίντις,

221 2104 387 2196 (appellat
419 2106 514 2174 enim
550 2107 692 2175 nomine
725 2108 894 2200 aurigam,
922 2129 966 2176 ne
997 2107 1082 2198 quid
1117 2108 1269 2198 picturae

219 2222 310 2292 desit
328 2223 508 2292 demedio
526 2228 691 2314 sumptae)

534 2359 554 2412 ὦ
566 2359 660 2423 Φίντις,
672 2359 743 2412 ἀλλὰ
755 2360 844 2427 ζεῦξον
856 2360 903 2429 ἤδη
915 2381 959 2429 μοι
971 2359 1064 2416 σθένος
1075 2359 1198 2429 ἡμιόνων,

393 2442 411 2516 ᾇ
423 2447 511 2517 τάχος,
523 2445 595 2517 όφρα
607 2445 720 2518 κελεύθῳ
732 2445 753 2501 τ’
768 2446 795 2500 ἔν
807 2446 905 2517 καθαρᾷ

392 2531 511 2600 βάσομεν
521 2529 610 2602 ὄκχον,
621 2529 715 2595 ἵκωμαί
725 2552 753 2584 τε
765 2531 832 2601 πρὸς
843 2530 942 2601 ἀνδρῶν

394 2618 435 2670 καὶ
446 2616 528 2688 γένος·
548 2620 626 2670 κεῖναι
638 2618 689 2688 γὰρ
702 2617 731 2684 ἒξ
743 2617 828 2671 άλλᾶν
839 2619 901 2671 ὁδὸν
912 2616 1083 2688 ἁγεμονεῦσαι

393 2703 487 2756 ταυτὰν
499 2703 658 2765 ἐπίστανται,
671 2704 818 2772 στεφαναδς
830 2703 858 2757 έν
867 2702 998 2772 Ὀλυμπίᾳ

393 2790 449 2844 ἐπεὶ
461 2789 576 2857 δέξαντο·
594 2790 645 2860 χρὴ
658 2789 744 2844 τοίνυν
755 2789 839 2845 πόλος
850 2789 934 2859 ὕμνων
945 2789 1116 2859 ἀναπίτναμεν
1126 2791 1224 2848 αὐταῖς·

393 2878 458 2946 πρὸς
470 2877 583 2931 Πιτάναν
595 2877 622 2930 δέ
637 2875 696 2947 παρ’
711 2878 817 2947 Εὑρὼτα
831 2880 912 2947 πόρον
924 2877 964 2930 δεῖ
975 2878 1090 2948 σάμερόν
1102 2875 1129 2947 μ’
1142 2877 1230 2933 ἐλθεῖν
1242 2879 1271 2933 έν

429 2965 492 3033 ὥρᾳ.

219 3103 370 3174 Habetis
396 3102 601 3194 allegoriam
628 3101 827 3195 elegantem
855 3125 948 3184 sane,
973 3114 1011 3172 et
1034 3103 1159 3195 puerili
1181 3127 1270 3195 qua·

219 3222 299 3289 dam
326 3217 505 3287 hilaritate
531 3219 721 3286 conditam.
775 3218 870 3300 Alia,
888 3219 949 3289 sed
971 3220 1045 3310 pari
1063 3219 1193 3311 lepore,
1211 3230 1268 3291 est

217 3337 307 3404 ratio
325 3356 457 3414 eorum,
477 3333 604 3423 quibus
622 3332 795 3404 Arcesilai
813 3357 953 3425 quoque
971 3335 1180 3427 Cyrenensis
1205 3359 1270 3405 au-

218 3452 329 3542 rigam
357 3450 444 3518 hero
474 3451 710 3531 commendat,
735 3451 880 3519 domum
911 3473 993 3519 cum
1023 3451 1140 3542 palma
1166 3451 1271 3519 rede·

219 3575 343 3635 untem
355 3560 383 3634 ¹¹.

429 3688 503 3757 φιλει
516 3688 544 3741 δὲ
558 3690 697 3758 Κάρρωτον
708 3687 778 3757 ἔξοχ’
792 3689 907 3758 ἑταίρων

430 3772 458 3828 ός
470 3774 500 3826 οὐ
513 3774 559 3827 τὰν
570 3772 724 3842 Ἐπιμαθέος
736 3774 805 3844 άγων

430 3859 541 3930 ὀψινόου
555 3859 681 3931 θυγατέρα
693 3861 837 3929 Πρόφασιν
850 3861 976 3913 Βαττιδᾶν

430 3946 538 4018 ἀφίκετο
550 3948 645 4016 δόμους
657 3948 869 4015 θεμισκρεόντων,

429 4031 490 4086 ἀλλ’
501 4033 701 4103 ἀρισθάρματον,

429 4117 502 4173 ὕδατι
515 4120 665 4175 Κασταλίας
679 4119 804 4186 ξενωθεὶς,
817 4119 894 4189 γέρας
906 4119 1044 4187 ἀμφέβαλε
1056 4121 1156 4171 τεαῖσιν
1169 4121 1269 4186 κόμαις.

361 4336 376 4372 ¹
391 4328 432 4381 Ol.
445 4327 470 4380 6.
483 4346 526 4397 37.
926 4329 936 4358 '¹
951 4329 1027 4395 Pylo.
1041 4342 1066 4394 5.
1080 4345 1123 4395 34.
