2768 4876
125 327 216 366 runo.
229 327 294 365 xxn
367 303 461 366 Ratio
475 302 538 385 ejus
551 301 757 366 oum‘Elcotra
771 301 920 388 oolbqwlc’.
1105 306 1169 371 393

179 474 272 541 Mox
302 474 363 541 ubi
393 495 515 563 preces
544 472 809 564 interpellandae
840 481 950 557 erant,
980 474 1055 566 ipsa
1084 497 1171 566 quo-

125 611 193 679 que
218 587 456 678 interpellatio
483 588 685 678 pertinebat
714 588 758 657 ad
785 610 890 658 sacra.
947 587 1067 658 Primo
1092 614 1170 660 mu-

126 701 251 769 lierum
277 703 495 791 captivarum
521 700 669 784 Chorus,
693 701 820 770 deinde
845 702 890 770 ad
911 702 1090 772 tumulum
1112 726 1171 773 ac-

126 817 219 885 cedit
247 814 390 885 Electra
414 817 500 906 ipsa,
530 817 698 885 ministrae
724 817 890 888 videlicet
916 818 1118 889 inferiarum
1148 843 1171 889 a

125 933 246 1023 regina
279 933 473 1000 missarum.
526 930 665 999 Harum
695 940 815 1001 autem
843 931 1025 1024 utriusque
1055 956 1170 1003 sermo

125 1038 297 1136 plurimus
318 1046 356 1112 in
373 1067 415 1114 ea
432 1045 506 1114 sola
522 1046 715 1135 quastione
733 1055 901 1128 versatur,
919 1046 1071 1118 liceatne
1090 1048 1170 1119 Mo·

126 1159 228 1228 nibus
260 1159 438 1227 interiecti
466 1158 575 1228 libare
602 1159 708 1250 dapes
738 1183 801 1251 per
827 1183 906 1230 eam
932 1160 1068 1231 oblatas
1094 1186 1172 1254 quae

127 1273 229 1342 caedis
252 1274 367 1342 fuerat
388 1296 467 1343 rea:
497 1295 567 1364 qua
587 1274 809 1345 dubitatione
829 1274 976 1358 sublata,
994 1278 1172 1368 precibus-

128 1411 194 1477 que
211 1387 391 1467 confectis,
410 1386 569 1477 sequitur
586 1386 773 1455 decantata
795 1385 857 1455 illa
875 1387 1089 1482 α’ναηνωρίσις
1107 1413 1171 1482 per

127 1502 258 1571 crinem
276 1500 413 1571 Orestis
430 1502 600 1581 votivum,
619 1499 758 1569 tumulo
775 1501 991 1592 impositum.

176 1616 258 1699 Quo
275 1617 311 1684 in
335 1615 414 1684 loco
431 1612 621 1705 diligenter
642 1614 953 1684 animadvertenda
970 1624 1023 1685 est
1041 1616 1172 1708 signifi-

128 1730 218 1798 catio
248 1727 309 1797 illa
339 1750 411 1796 non
438 1727 545 1796 dubia
575 1727 706 1796 sedulae
735 1727 890 1818 pietatis,
917 1728 1010 1817 quod
1036 1729 1171 1798 medios

127 1845 218 1913 inter
241 1842 427 1933 amplexus
453 1841 682 1932 subitumque
706 1840 885 1932 gaudium,
908 1840 1017 1910 fratre
1041 1850 1172 1932 praeter

128 1980 224 2049 spem
246 1979 394 2038 reverso,
412 1955 571 2025 continet
589 1978 627 2025 se
644 1955 904 2045 quodammodo
930 1977 1027 2025 soror
1051 1980 1171 2027 aman·

128 2072 268 2153 tissima,
288 2080 325 2140 et
342 2071 387 2139 ad
409 2069 669 2139 invocationem
688 2068 845 2139 Deorum
864 2079 1010 2162 repente
1027 2093 1172 2141 conver-

128 2181 263 2258 titurh:

336 2299 415 2365 μόνον
426 2297 517 2366 κράτος
529 2318 557 2349 τε
569 2297 610 2349 καὶ
624 2296 687 2364 Δίκη
699 2318 749 2350 συν
760 2298 796 2369 τῷ
808 2297 886 2368 τρίτῳ

336 2383 438 2437 πάντων
448 2382 573 2455 μεγίστῳ,
586 2383 655 2450 Ζηνὶ,
668 2381 821 2452 συγγένοιτό
832 2404 885 2450 μοι.

129 2511 251 2583 Frater
269 2521 402 2594 autem,
424 2520 465 2581 ut
486 2520 561 2582 erat
585 2522 712 2582 natura
728 2513 889 2594 severior,
906 2534 952 2580 ne
970 2511 1077 2580 verbo
1095 2511 1172 2602 qui-

129 2629 208 2697 dem
225 2629 399 2698 teneriore
424 2627 588 2719 lacrymis
611 2627 686 2717 ejus
704 2634 741 2695 et
762 2626 983 2718 amplexibus
1008 2626 1171 2708 occurrit,

128 2743 186 2812 sed
204 2744 241 2811 in
253 2744 368 2835 justas
386 2743 507 2813 statim
524 2764 645 2833 preces
662 2742 825 2833 erumpit,
839 2750 881 2810 ut
896 2741 956 2831 qui
974 2720 1110 2810 laboret
1129 2764 1171 2810 ac

128 2880 229 2949 poene
243 2859 467 2928 exhorrescat
481 2858 599 2926 animo
617 2864 761 2947 propter
772 2856 1054 2949 magnitudinem
1071 2857 1170 2947 pensi

129 2974 192 3047 sibi
209 2974 347 3045 caelitus
364 2973 531 3065 assignati
545 2968 573 3041 i:

337 3139 394 3198 Ζεῦ,
407 3137 464 3197 Ζεῦ,
477 3133 573 3202 θεωρὸς
584 3134 664 3187 τῶνδε
676 3132 832 3202 πραγμάτων
843 3133 928 3203 γενοῦ·

338 3220 394 3273 ἰδοῦ
408 3220 436 3273 δὲ
447 3219 538 3289 γένναν
550 3217 617 3273 εὖνιν
628 3219 704 3272 ἀετοῦ
716 3219 813 3286 πατρὸς

338 3305 458 3360 θάνοντος
470 3305 498 3358 ἐν
508 3308 646 3359 πλεκταῖσι
658 3305 700 3358 καὶ
712 3302 872 3375 σπειράμασι

338 3390 420 3458 δεινῆς
432 3389 541 3460 ἐχίδνης·
560 3388 653 3446 robrd’
667 3388 915 3460 ἀπωρφανισμένους

339 3558 420 3629 θήραν
430 3560 551 3632 πατρῴαν
562 3559 726 3631 προσφέρειν
737 3558 905 3629 σκηνίημασιν.

130 3703 269 3775 Videtis
291 3704 379 3774 illud
397 3707 542 3780 solenne
558 3707 741 3799 AEschylo,
758 3715 800 3776 ut
817 3729 863 3776 ex
881 3703 1090 3774 animalibus
1116 3727 1173 3775 su-

130 3827 204 3888 mat
229 3820 487 3903 similitudines,
506 3823 620 3914 deque
637 3844 759 3891 eorum
785 3820 941 3892 moribus
958 3828 995 3889 et
1012 3819 1172 3917 fortunis,

129 3933 225 4003 aliud
262 3957 382 4027 agens,
416 3935 617 4008 historiolas
651 3937 818 4028 quasdam
854 3942 1033 4005 contexat.
1100 3934 1172 4005 Sed

129 4070 211 4117 cunr
230 4047 357 4118 Oreste
374 4073 579 4144 pergamus:

271 4281 286 4320 ¹¹
301 4283 411 4352 Οίιοέρίι.
426 4301 486 4350 240.
873 4279 958 4334 ¹Ibid.
973 4297 1032 4347 244.
