2768 4876
166 332 287 378 Eunu.
298 338 395 380 xxxv.
440 327 504 380 tum
512 318 620 400 scruta
634 315 790 389 carminis,
805 323 867 377 turn
882 316 973 378 aium
985 315 1068 398 stylo.
1170 317 1233 384 709

163 496 297 577 atque
315 489 350 557 in
368 512 442 558 rem
461 511 569 567 suam,
584 490 707 579 suique
722 487 875 578 Epicuri,
889 496 1081 557 convertat.
1118 487 1231 558 Velut

168 603 251 670 11bi
273 627 318 672 ex
340 603 492 694 pulveris
517 603 706 694 particulis,
730 604 767 670 in
791 602 924 670 lumine
943 601 1035 672 Solis
1053 601 1230 671 volitanti-

175 714 264 797 bus,
284 720 551 810 primordiorum
569 741 711 787 suorum
729 715 932 807 exemplum
950 718 1014 786 sibi
1033 718 1140 786 sumit
1154 713 1180 785 d.

332 871 531 941 Contemplator
542 872 623 935 enim,
636 889 698 924 cum
711 870 781 924 Solis
792 870 894 924 lumina
906 888 1011 940 cunque

332 958 454 1012 lusertim
466 956 585 1011 fundunt
596 956 683 1010 radios
696 974 836 1025 peropaca
849 954 997 1018 domorum,

332 1044 419 1097 Multa
430 1045 533 1097 minuta
544 1043 631 1097 modis
643 1044 735 1097 multis
747 1059 794 1111 per
807 1042 889 1095 Inane
901 1041 1002 1095 videbis

332 1129 449 1198 Corpora
460 1128 565 1182 misceri
577 1128 712 1181 radiorum
723 1128 823 1181 lumine
835 1129 862 1182 in
875 1130 943 1198 ipso,

332 1214 367 1267 Et
377 1216 449 1269 velut
460 1222 560 1268 aetemo
572 1215 713 1267 certamine
724 1215 824 1283 puelia,
838 1233 995 1285 pugnasque

332 1302 416 1355 Edere
428 1302 564 1355 turmatim
577 1301 711 1363 certantia,
724 1319 773 1354 nec
786 1300 847 1355 dare
859 1319 968 1371 pausam

331 1385 456 1440 Conciliis
468 1395 493 1439 et
506 1386 623 1440 discidiis
635 1387 748 1440 exercita
759 1385 857 1440 crebris
867 1407 873 1439 ε

331 1471 465 1540 conjicere
478 1482 508 1524 ut
520 1472 606 1540 possis
618 1489 650 1524 ex
662 1471 722 1533 hoc,
736 1469 883 1524 Primordia
895 1488 983 1523 rerum

332 1553 415 1612 Quale
427 1556 461 1608 sit
473 1555 500 1609 in
513 1573 611 1625 magno
619 1556 712 1626 jactari
724 1574 827 1626 semper
840 1556 926 1610 lnani.

240 1692 417 1763 Sexcenta
443 1688 512 1775 alia
539 1703 620 1762 sunt
646 1695 838 1784 ejusmodi:
869 1692 986 1761 nullus
1012 1693 1106 1761 enim
1133 1691 1230 1760 locus

194 1807 225 1875 in
251 1808 417 1878 Lucretio
445 1808 550 1878 latius
572 1819 682 1901 patet.
734 1809 872 1879 Vemm
895 1832 940 1878 ex
967 1832 1037 1876 uno
1068 1807 1130 1876 illo
1155 1828 1233 1897 per-

193 1924 327 2015 cipiatis
349 1923 432 1993 licet
452 1925 691 1993 admirandam
718 1923 869 1994 hominis
895 1924 1083 2005 solertiam,
1102 1944 1171 2013 qua
1196 1921 1232 1987 in

192 2043 293 2114 rebus
316 2044 551 2112 usitatissimis
575 2044 744 2134 imagines
768 2043 833 2112 sibi
861 2044 991 2134 reperit
1009 2063 1129 2111 earum
1146 2061 1232 2131 quas
1275 2090 1277 2094 -

191 2181 286 2228 caras
313 2158 430 2227 habet.
483 2158 624 2228 Videtis
652 2182 746 2240 vero,
774 2181 816 2227 ea
846 2156 1015 2227 facultate
1043 2159 1102 2226 vix
1132 2155 1234 2247 quid-

190 2294 295 2361 quam
313 2273 388 2342 fore
404 2273 536 2354 utilius,
554 2274 599 2341 ad
617 2274 736 2342 omnia
752 2273 930 2365 religionis
948 2271 1070 2341 officia.

189 2465 192 2472 ¹
240 2386 297 2456 De
321 2387 401 2478 styli
426 2398 546 2457 autem
568 2387 683 2457 colore
707 2411 777 2456 nou
801 2397 854 2456 est
877 2411 939 2456 cur
959 2387 1072 2456 multa
1091 2387 1235 2455 dissera-

190 2523 278 2582 mus,
297 2525 377 2570 cum
398 2504 427 2570 is
444 2504 500 2584 sit,
520 2504 678 2571 omnium
698 2502 843 2593 judicio,
861 2526 966 2594 quem
985 2502 1140 2581 declaret
1158 2523 1233 2569 ver-

189 2637 247 2685 sus
265 2615 493 2699 Horatianus,

330 2777 470 2848 Verbaque
481 2778 614 2848 provisam
626 2795 682 2830 rem
694 2794 750 2831 non
761 2778 844 2831 invita
856 2786 1007 2848 sequentur.

186 2937 189 2944 ’
247 2914 427 2984 Nimirum
453 2917 488 2984 in
514 2939 651 2985 summa
677 2914 737 2984 illa
763 2918 873 3007 copia,
895 2916 1102 2999 subtilitate,
1121 2916 1234 2984 suavi-

190 3039 275 3109 tate,
293 3031 392 3100 adest
410 3039 529 3100 tamen
556 3033 757 3100 inornatum
783 3030 927 3123 aliquid,
945 3032 1091 3101 mirifice
1110 3040 1233 3122 aptum

190 3142 241 3211 illi
268 3143 447 3234 scriptori,
471 3145 531 3235 qui
556 3147 743 3214 veritatem
769 3144 867 3214 nullo
892 3167 1047 3234 unquam
1073 3153 1234 3233 temporo

189 3258 452 3349 posthabitums
480 3261 530 3329 sit'
551 3260 734 3329 facundiae.
789 3259 869 3343 Quo
900 3261 982 3350 quid
1014 3260 1082 3328 dici
1117 3267 1234 3349 potest

189 3367 455 3443 convenientius
473 3398 554 3444 cum
571 3370 694 3444 eorum
708 3375 831 3456 officio,
844 3374 1044 3465 quicunque
1062 3376 1153 3443 circa
1170 3376 1235 3442 im-

189 3488 351 3558 mortalia
368 3512 408 3558 ac
427 3490 544 3559 divina
561 3490 769 3559 versantur?

240 3601 363 3694 Atque
390 3604 446 3673 hic
470 3603 623 3695 eloquar,
642 3605 735 3696 quod
762 3605 847 3672 mihi
870 3605 966 3673 venit
992 3605 1029 3672 in
1054 3611 1233 3672 mentem:

191 3720 360 3812 exiguum
385 3717 472 3788 illud
491 3720 644 3810 quidem,
663 3722 723 3789 sed
741 3721 835 3810 quod
859 3742 922 3788 sua
939 3720 974 3787 vi
993 3719 1137 3787 fortasse
1163 3740 1234 3786 non

191 3835 331 3923 penitus
361 3843 488 3902 careat.
540 3834 724 3926 Significat
748 3833 935 3902 Lucretius
961 3855 1031 3901 nou
1059 3831 1168 3902 semel
1196 3855 1233 3902 se

192 3948 249 4014 vix
268 3971 371 4039 aequo
389 3949 506 4016 animo
517 3949 747 4040 jejunitatem
759 3948 898 4017 Latinae
917 3946 1047 4039 linguae
1066 3948 1139 4039 pati
1156 3968 1235 4037 pos-

191 4083 249 4131 se:
278 4063 412 4154 “patrii
429 4062 629 4144 sermoniS,'’
647 4072 687 4131 ut
704 4065 780 4154 ipse
798 4063 963 4155 appellat,
983 4063 1233 4155 “egestatem‘’

582 4303 597 4342 ἅ
610 4305 695 4359 ·Lucr.
709 4323 733 4359 2.
746 4323 804 4375 113.
