2768 4876
212 306 276 372 468
357 307 528 372 Adhibetur
542 292 705 393 eruptum
720 309 843 391 Lprr'cae
858 310 1037 387 ἀνωμαλίας.
1063 331 1157 371 esau.
1168 330 1258 370 xxiv.

211 479 279 548 fuit
300 501 455 568 unquam
479 480 591 569 magis
614 478 680 547 sibi
705 479 820 569 dispar
841 500 945 568 quam
968 477 1028 546 ille
1050 478 1112 547 vir.
1164 478 1261 546 Con·

211 595 300 662 feras
325 593 429 661 modo
446 597 502 661 tot
519 592 712 661 cantilenas
735 592 844 661 nimia
869 591 1033 660 libertate
1056 591 1259 662 diffluentes

211 730 293 775 cum
323 706 523 776 dulcissimo
551 707 612 775 illo
642 707 828 788 cannine³‚
849 730 919 796 quo
946 706 1169 777 adumbravit
1197 732 1260 799 pa-

209 831 302 891 trem
330 845 442 903 suum,
470 822 689 914 “agricolam
719 823 883 913 priscum,
911 821 1051 904 fortem,
1077 844 1259 915 parvoque

209 937 385 1019 beatum,”
406 936 509 1005 ferias
533 947 698 1028 agentem
720 938 827 1027 juxta
849 938 1007 1028 proprios
1032 936 1151 1020 Lares,
1173 961 1256 1007 cum

208 1074 423 1143 magnanon
442 1053 547 1120 modo
566 1052 660 1141 pacis
679 1052 892 1134 domesticae,
911 1053 971 1120 sed
990 1060 1027 1121 et
1044 1053 1258 1143 gravissima

208 1168 350 1256 pietatis
374 1167 640 1257 significatione.
694 1165 783 1248 Quis
810 1176 917 1258 neget
943 1188 1065 1236 sonare
1089 1167 1158 1236 ista
1184 1191 1256 1236 non

208 1282 322 1350 dicam
346 1304 452 1350 suave
479 1280 620 1373 aliquid,
640 1305 762 1350 verum
789 1283 896 1351 etiam
921 1280 1134 1374 religiosum,
1156 1306 1258 1352 sauc-

207 1396 379 1486 tumque?
405 1397 483 1487 quis
500 1419 571 1464 non
589 1395 706 1465 doleat
729 1397 834 1466 simul
856 1420 897 1466 ac
923 1399 1080 1478 miretur,
1098 1399 1256 1488 potuisse

207 1511 361 1578 eundem
388 1520 462 1578 tam
489 1511 560 1578 cito
591 1511 743 1601 migrare
769 1511 806 1578 in
833 1520 952 1600 turpes
983 1508 1079 1579 lusus
1109 1519 1147 1578 et
1173 1533 1256 1578 con-

208 1623 324 1692 vicia?
360 1646 429 1714 qua
459 1623 496 1690 in
526 1625 713 1714 provincia,
745 1625 853 1715 siquis
882 1623 981 1705 alius,
1013 1634 1171 1694 versatus
1200 1633 1256 1692 est

207 1739 302 1809 idem
320 1747 463 1808 strenue
481 1747 518 1807 et
535 1739 706 1808 alacriter.

257 1853 458 1922 Dicendum
480 1854 588 1945 igitur
605 1854 650 1921 de
668 1852 731 1921 tali
749 1854 928 1944 scriptore,
945 1875 1130 1944 personam
1148 1853 1193 1923 ab
1211 1876 1255 1922 eo

206 1968 281 2060 geri
298 1991 369 2036 non
386 1968 489 2036 unius
511 1969 571 2037 sed
598 1968 752 2059 plurium
771 1967 984 2052 Poetarum3
1010 1991 1092 2038 oum
1110 1968 1256 2039 alternis

207 2086 281 2153 fere
299 2085 510 2154 carminibus
528 2084 609 2153 ferri
628 2086 790 2154 videatur
807 2088 843 2154 in
860 2095 978 2177 partes
1000 2088 1154 2156 maxime
1172 2108 1257 2155 oon-

207 2201 339 2281 trarias,
358 2201 431 2291 pari
450 2200 589 2281 affectu,
607 2200 825 2292 minimeque
849 2201 910 2270 illo
931 2202 1015 2271 ficto
1036 2210 1099 2271 aut
1116 2200 1255 2283 fallaci;

206 2316 281 2407 pari
299 2315 408 2384 etiam
426 2317 460 2384 vi
484 2339 710 2385 numerorum
731 2340 772 2385 ac
794 2317 980 2407 verborum
998 2319 1190 2388 contrarios
1210 2318 1257 2386 is-

208 2439 263 2500 tos
280 2431 428 2502 affectus
446 2433 548 2502 solari
566 2433 714 2502 noverit.
752 2432 873 2515 Quaeri
892 2443 1013 2502 autem
1031 2433 1139 2503 debet
1156 2456 1200 2503 an
1218 2435 1255 2501 in

207 2546 268 2615 illa
285 2555 385 2616 tauta
407 2549 643 2616 inconstantia
663 2546 772 2616 lateat
791 2549 889 2638 quasi
907 2550 1067 2638 quaedam
1092 2551 1255 2640 perennis

207 2662 368 2731 desiderii
387 2686 485 2744 vena,
504 2664 626 2754 quain
645 2662 923 2750 unamaliquam
942 2686 1014 2732 rem
1034 2666 1159 2735 tendat
1182 2665 1257 2733 ani-

206 2799 285 2845 mus
299 2775 453 2868 alioquin
467 2776 520 2845 sui
534 2775 796 2846 dissimillimus.
837 2777 894 2846 Ac
912 2779 1103 2847 videndum
1120 2801 1165 2847 an
1184 2778 1256 2848 tale

206 2891 338 2983 aliquid
364 2892 457 2983 apud
481 2915 563 2961 eum
590 2893 725 2981 dequo
749 2914 843 2961 nunc
866 2894 983 2984 agitur
1005 2903 1183 2984 appareat,
1209 2917 1254 2963 ex

206 3027 248 3074 ea
272 3007 427 3074 maxime
453 3014 562 3096 parte,
580 3029 661 3097 quae
687 3015 824 3097 spectat
850 3007 894 3076 ad
918 3006 1104 3075 fluviorum
1125 3030 1167 3077 ac
1188 3007 1257 3099 syl·

207 3145 328 3190 varum
355 3143 521 3198 amorem,
546 3130 656 3211 atque
683 3123 728 3190 ad
757 3121 1030 3213 pulcherrimam
1057 3121 1149 3192 hauc
1180 3123 1255 3192 caeli

206 3261 246 3306 ac
270 3246 443 3306 terrarum
464 3236 612 3305 faciem:
640 3236 843 3316 videndum,
861 3237 1015 3325 inquam,
1034 3259 1079 3305 an
1103 3236 1133 3306 is
1155 3259 1257 3306 amor

207 3353 240 3419 vi
251 3352 405 3442 quadam
424 3352 533 3420 tacita
550 3374 655 3443 vagas
672 3353 747 3442 ejus
765 3352 829 3420 viri
848 3352 1080 3443 cogitationes
1098 3361 1136 3421 et
1153 3374 1257 3422 curas

206 3448 420 3535 continuerit
437 3473 544 3555 atque
562 3465 812 3534 informaverit.

257 3579 362 3662 Quod
384 3579 413 3648 si
434 3588 542 3647 tenue
566 3577 654 3646 illud
676 3578 774 3647 filum
797 3602 971 3670 nequeam
994 3601 1134 3671 prorsus
1156 3579 1258 3649 inda

205 3717 300 3788 gare,
318 3694 525 3773 crediderim
549 3704 669 3763 tamen
695 3696 828 3763 nemini
847 3694 1048 3778 Poetarum,
1067 3697 1177 3764 immo
1194 3718 1259 3764 ne-

206 3811 293 3880 mini
312 3809 512 3878 mortalium
532 3811 662 3891 deesse,
678 3811 773 3900 quod
791 3802 1004 3880 fluctuantes
1021 3811 1110 3879 adeo
1129 3813 1259 3881 varias-

206 3948 276 4016 que
301 3925 544 3993 conversiones
570 3924 767 3993 animorum
794 3926 829 3993 iu
856 3948 967 3994 unum
993 3927 1258 4016 quodammodo

207 4036 350 4129 colligat
374 4049 411 4106 et
434 4039 661 4129 constringat.
715 4038 809 4107 Illud
834 4041 969 4108 interea
990 4050 1170 4131 procerte
1194 4041 1259 4109 ha·

488 4304 502 4332 ⁸
516 4297 567 4348 Tire
582 4296 693 4349 Cotter's
706 4297 837 4367 Sutorduy
851 4299 942 4366 Niqur.
