2768 4876
166 339 257 380 rann.
266 341 317 381 xc.
411 321 461 382 Do
479 321 610 383 Horatii
623 321 703 384 inter
717 320 887 383 Primorioa
902 319 970 383 loco.
1145 323 1205 384 801

214 491 287 560 Hic
322 501 440 562 autem
468 515 600 580 vercor,
628 517 672 562 ne
707 516 829 562 omnes
864 515 934 560 uno
970 515 1030 560 ore
1064 501 1209 560 conten-

164 607 250 676 dant
271 608 453 676 nobiscum
484 609 623 678 Horatii
650 615 836 690 amatores
860 616 897 676 et
923 607 1041 698 paullo
1065 606 1209 698 quidem

163 725 297 804 acrius3
324 724 562 793 eximentibus
590 724 756 793 videlicet
786 723 1089 817 elegantissimum
1119 722 1209 793 Poe-

164 847 236 908 tam
256 860 301 906 ex
320 860 467 907 numero
493 839 644 919 illorum,
662 862 749 930 quos
769 839 957 909 Primarios
978 839 1208 931 appellamus,

163 953 268 1036 Quod
295 954 383 1022 siin
409 954 600 1025 illiusmodi
627 957 819 1046 quaestione
845 959 974 1048 primas
1000 964 1122 1025 tenere
1148 957 1208 1026 de-

166 1069 262 1137 bebit
298 1091 340 1137 ca
378 1068 548 1161 voluptas,
575 1093 680 1162 quam
707 1073 860 1163 capiunt,
886 1073 947 1163 qui
973 1071 1080 1140 animi
1107 1093 1211 1140 cansa

168 1185 358 1254 Poetarum
388 1186 526 1276 scriptis
556 1209 698 1277 operam
727 1188 833 1269 dant3
870 1187 947 1277 quis
981 1210 1051 1255 non
1086 1184 1211 1255 lubens

167 1299 293 1369 Flacco
322 1303 491 1371 concedat
521 1313 584 1372 aut
611 1325 790 1371 summurn
821 1301 938 1372 locum
974 1312 1036 1372 aut
1071 1324 1210 1372 summo

165 1428 262 1486 certe
287 1419 515 1508 proximum?
542 1419 766 1488 festivissimo
792 1418 926 1490 scilicet
952 1420 1123 1500 omnium,
1151 1441 1212 1509 op-

165 1536 322 1624 timeque
345 1536 557 1626 temperanti
580 1535 784 1626 gravissima
802 1558 949 1626 quaeque
973 1558 1054 1603 cum
1078 1536 1149 1603 risu
1174 1544 1211 1604 et

158 1650 263 1737 joc03
306 1673 377 1718 non
404 1652 535 1720 rustico
565 1650 627 1719 illo
657 1660 694 1719 et
728 1650 900 1732 abnormi,
936 1652 995 1719 sed
1027 1649 1139 1741 qualis
1174 1661 1212 1718 ct

165 1765 279 1832 virum
305 1765 487 1835 liberalem
515 1765 723 1856 plerumque
752 1767 886 1845 deceat,
914 1772 950 1833 et
976 1766 1110 1834 nemini
1140 1787 1210 1834 non

164 1878 274 1948 semel
295 1880 464 1950 admissus
484 1881 539 1965 (ut
560 1903 642 1950 cum
662 1879 781 1949 Persio
806 1880 942 1972 loquar)
965 1881 1094 1950 circum
1115 1903 1212 1973 prce-

164 1994 284 2064 cordio
318 1994 423 2066 ludat.
493 1995 656 2078 Accedit,
692 1998 785 2087 qnod
820 1997 1011 2086 unicnique
1051 2005 1210 2065 nostrum

164 2110 266 2192 inest,
297 2114 411 2194 oredo,
442 2113 612 2182 memoria
641 2134 711 2180 non
740 2112 929 2202 injucunda
961 2111 1123 2180 carminis
1149 2110 1212 2180 ali-

164 2227 265 2316 cujus
284 2226 480 2307 Horatium,
500 2227 555 2296 vel
574 2229 678 2297 unius
696 2237 792 2296 certe
816 2236 853 2297 et
877 2227 1021 2296 alterius
1039 2227 1210 2307 versiculi,

164 2343 223 2431 qui
252 2343 438 2411 verborum
461 2365 601 2435 quoque
631 2352 668 2412 et
696 2342 908 2435 syllabarum
936 2367 1021 2413 sono
1049 2367 1211 2414 revocare

166 2458 275 2546 possit
310 2458 495 2547 puerilium
532 2480 715 2552 annorum
739 2458 892 2537 delicias,
921 2468 958 2526 et
992 2460 1021 2528 si
1056 2483 1125 2549 qua
1159 2459 1210 2527 illi

164 2574 263 2642 aetati
283 2595 352 2663 prae
369 2575 504 2642 caeteris
520 2573 730 2664 placuerunt
743 2574 887 2653 somnia,
900 2584 978 2642 tum
995 2577 1115 2666 gravia
1132 2585 1210 2643 tum

162 2712 312 2758 amoena.
367 2688 546 2759 Praeterea
574 2690 682 2780 (quod
718 2691 834 2759 nescio
860 2713 905 2760 an
931 2699 1054 2760 contra
1079 2692 1148 2770 fiat
1174 2693 1210 2758 in

165 2805 318 2874 Poescos
335 2807 457 2896 majori
480 2809 594 2896 parte)
614 2815 835 2876 senescentes
853 2806 1113 2897 quodammodo
1137 2829 1211 2875 ma-

163 2922 216 3012 gis
251 2919 318 2989 sibi
352 2919 493 3011 placent
527 2920 695 2991 iterandis
730 2921 870 2991 Horatii
906 2921 1108 3004 versiculis;
1142 2923 1211 2990 for-

163 3045 256 3104 tasse
274 3044 418 3126 propter
436 3036 613 3116 eximiam,
628 3060 699 3128 qua
715 3038 744 3105 is
762 3036 883 3128 pollet,
902 3058 1039 3106 morum
1059 3037 1210 3127 vitaeque

162 3146 329 3219 hnmanae
349 3150 533 3219 notitiam:
560 3151 605 3220 de
623 3175 692 3243 qua
710 3152 885 3242 judicium
913 3159 1030 3221 exstat
1056 3151 1209 3220 hominis

163 3263 288 3332 harum
300 3263 482 3334 literarum
496 3266 696 3356 peritissimi
704 3277 728 3348 ⁸,
742 3265 883 3336 Horatii
898 3266 1063 3358 epistolas
1076 3268 1209 3335 nemini

163 3401 319 3470 unquam
354 3380 429 3448 fore
463 3381 631 3472 cognitas,
667 3383 731 3450 nisi
767 3383 827 3472 qui
863 3383 959 3473 prins
992 3381 1097 3476 longo
1133 3405 1208 3463 usu,

164 3494 344 3586 liberoque
361 3519 431 3565 suae
455 3498 586 3566 mentis
610 3505 751 3579 conatu,
769 3499 966 3590 studioque,
991 3499 1035 3568 ad
1057 3500 1208 3568 eundern

164 3608 280 3677 locum
312 3611 500 3702 cogitando
530 3613 725 3692 accesserit,
754 3612 849 3680 unde
875 3614 950 3703 ipse
983 3636 1071 3703 opus
1106 3636 1209 3683 suum

164 3725 382 3814 prospexerit
402 3722 582 3793 Horatius.

210 3833 422 3926 Quanquam
440 3847 560 3905 autem
578 3836 706 3906 ethaeo
724 3840 927 3921 concedam,
940 3849 976 3907 et
993 3837 1047 3908 his
1065 3840 1208 3930 majora,

163 3951 295 4020 invitus
312 3961 430 4021 tamen
450 3952 572 4034 fateor,
586 3953 672 4021 mihi
691 3954 849 4022 nondum
863 3956 1062 4045 apparuisse
1075 3958 1208 4047 propri-

163 4088 222 4133 um
241 4065 352 4134 ullum
372 4090 413 4135 ac
433 4069 645 4158 praecipuum
665 4068 872 4141 Horatianae
891 4070 1042 4140 Poeseos
1059 4071 1206 4143 fontem.

163 4179 279 4250 Immo
297 4183 346 4250 sio
365 4183 409 4250 ab
424 4205 466 4250 eo
480 4185 577 4275 tangi
596 4185 751 4275 suspicor
769 4188 897 4267 omnia,
913 4196 953 4255 ut
971 4188 1007 4255 in
1025 4186 1121 4254 nulla
1140 4209 1209 4257 una

462 4349 476 4376 ²
495 4341 637 4395 Davison's
652 4342 782 4406 Romaim,
796 4363 821 4413 p.
836 4361 896 4414 437.

682 4422 743 4485 tr
