2768 4876
163 306 226 371 712
302 304 446 390 Mirifice
460 303 602 387 quedam
618 304 799 366 [unctioni
812 303 884 386 styli
899 304 976 367 mus.
1007 321 1103 369 rann.
1115 328 1212 372 xxxv.

164 479 255 547 ciam
268 479 328 567 qui
346 478 398 546 ita
414 475 509 557 colit,
524 485 689 566 tanquam
705 476 903 545 venerabile
921 475 1063 566 aliquod
1081 478 1217 548 tractet·

164 615 205 660 ac
230 615 376 673 sacrum,
395 601 563 682 tanquam
590 590 748 660 mirando
774 591 885 659 ferme
911 592 1081 682 majorem
1105 616 1211 683 quam

165 707 376 776 inveniendo
401 705 529 776 habeat
548 706 778 798 voluptatem,
797 705 847 775 illi
866 707 1023 797 profecto
1042 709 1118 778 viro
1136 709 1213 778 dix-

166 823 253 890 erim
277 845 348 890 non
372 820 464 890 male
490 831 683 912 praeparata
700 821 773 889 fore
791 831 944 912 pectora,
963 821 1018 889 vel
1037 823 1082 890 ad
1099 825 1213 914 poeti-

165 960 244 1006 cam
262 936 319 1006 vel
336 936 378 1005 ad
398 938 489 1028 ipsas
507 936 703 1027 religiones.

215 1050 284 1120 His
302 1062 356 1120 tot
375 1053 483 1120 tantis
506 1051 643 1120 indiciis
665 1053 782 1120 nescio
800 1076 844 1120 an
862 1064 958 1121 recte
976 1054 1091 1122 dicam
1114 1075 1214 1122 acce·

165 1168 248 1236 dere
266 1167 480 1258 exquisitum
508 1166 608 1235 illum
634 1165 716 1259 styli
736 1167 937 1237 Lucretiani
961 1169 1125 1248 nitorem,
1143 1191 1212 1260 quo

166 1282 265 1352 velut
281 1305 369 1373 puro
386 1304 467 1351 nere
485 1281 641 1373 pellucet
658 1283 834 1352 rationum
852 1284 1022 1374 junctura
1038 1290 1076 1352 et
1094 1284 1212 1354 series.

167 1396 321 1466 Difficile
346 1419 486 1489 prorsus
512 1397 580 1466 erit
600 1399 675 1489 ejus
701 1398 751 1466 rei
777 1420 906 1488 ponere
930 1397 1104 1490 exempla,
1131 1419 1212 1468 cum

166 1515 203 1581 in
220 1535 263 1582 eo
281 1513 349 1582 sita
366 1512 412 1582 sit
430 1512 482 1582 vis
499 1514 586 1603 ejus,
603 1522 644 1581 ut
662 1535 732 1582 non
750 1522 823 1582 tarn
847 1521 947 1604 parte
963 1512 1082 1604 aliqua
1098 1512 1215 1604 splen-

166 1631 258 1710 deat,
280 1650 386 1719 quam
412 1650 553 1696 omnem
575 1630 673 1718 quasi
699 1629 878 1722 regionem
905 1629 1033 1698 vestire
1053 1630 1215 1698 videatur

166 1766 342 1836 purpureo
357 1744 510 1835 quodam
527 1751 565 1811 et
583 1742 743 1833 aequabili
763 1743 905 1814 lumine.
943 1744 1035 1813 Rem
1052 1745 1215 1836 proxime

168 1883 251 1929 sene
268 1859 390 1929 abesse
407 1858 537 1928 dixeris
555 1858 600 1928 ab
616 1860 725 1949 ipsius
743 1858 894 1929 Naturae
912 1861 1071 1942 artificio,
1089 1861 1214 1951 siquod

167 1999 209 2045 ea
226 1975 329 2044 solito
352 1972 548 2065 elegantius
569 1972 742 2043 efformari
760 1973 932 2043 voluerit:
960 1974 1097 2056 folium,
1115 1975 1214 2045 verbi

168 2090 290 2179 gratia,
308 2088 521 2158 delicatioris
542 2089 671 2171 herbae,
691 2090 747 2158 vel
765 2099 964 2160 accuratam
982 2113 1110 2160 vocum
1136 2091 1216 2161 har·

168 2205 343 2273 moniam:
373 2204 489 2295 qualia
502 2206 561 2295 qui
581 2205 784 2296 diligentius
801 2205 1008 2286 consideret,
1025 2204 1129 2274 illum
1148 2207 1215 2275 uti-

169 2340 238 2407 que
256 2319 312 2388 vel
334 2320 427 2389 solus
449 2319 621 2389 absolutae
644 2319 1059 2411 pulchritudinis.sensus
1083 2322 1216 2412 poterit

168 2435 345 2503 interdum
361 2443 462 2503 extra
479 2457 516 2504 se
533 2458 665 2525 rapere.
702 2434 845 2518 Quanto
858 2434 1071 2520 credibilius,
1084 2437 1218 2506 Lucre-

169 2550 259 2618 tium
283 2551 409 2640 ipsum,
427 2548 533 2642 longo
552 2553 628 2641 jam
654 2574 720 2620 usn
746 2551 923 2620 imbutum
950 2551 1004 2619 his
1029 2553 1216 2634 coloribus,

169 2665 296 2731 intimo
321 2665 472 2754 quodam
503 2663 572 2732 frui
603 2664 736 2734 altioris
764 2664 910 2734 Naturae
936 2688 1050 2747 sensu,
1077 2665 1218 2757 quoties

169 2779 311 2871 aliquod
329 2778 432 2848 solito
450 2778 586 2849 felicius
604 2782 810 2851 adumbret!

225 2894 348 2987 Atque
373 2919 451 2965 eam
480 2895 625 2966 fortasse
651 2898 723 2966 vim
751 2897 903 2966 habebat
933 2901 1146 2989 prooemium
1177 2900 1219 2969 il·

170 3006 275 3080 luds:

311 3157 431 3211 Primum
444 3156 515 3228 quod
528 3158 632 3227 magnis
645 3158 726 3212 doceo
739 3158 772 3212 de
783 3160 872 3222 rebus,
885 3168 911 3212 et
923 3161 1001 3213 arctis

312 3243 480 3311 Religionum
494 3243 596 3296 animos
609 3242 687 3297 nodis
700 3245 833 3297 exsolvere
845 3262 943 3313 pergo:

313 3328 416 3382 Deinde
428 3328 500 3399 quod
513 3329 627 3382 obscura
640 3328 672 3383 de
684 3348 712 3383 re
723 3340 778 3383 tarn
790 3329 878 3384 lucida
890 3348 978 3402 pango

313 3415 446 3477 Carmina,
460 3415 565 3469 Musaeo
578 3417 734 3486 contingens
747 3426 843 3470 cuncta
854 3418 951 3487 lepore.

172 3559 241 3631 His
258 3562 400 3654 adjungi
418 3573 585 3653 poterunt
603 3588 722 3635 versus
739 3589 810 3635 non
829 3566 937 3634 semel
955 3564 1104 3635 allatis:

313 3715 460 3770 Suavidicis
472 3719 560 3785 potius
573 3737 653 3789 quarn
665 3720 756 3772 multis
769 3719 890 3772 versibus
902 3719 994 3772 edam:

313 3801 414 3856 Parvus
426 3811 457 3856 ut
469 3812 509 3856 est
523 3803 607 3874 Cycni
618 3805 711 3859 melior
723 3821 812 3866 canor,
824 3805 868 3857 ille
881 3803 986 3857 Gruum
999 3822 1080 3875 quam

314 3888 429 3951 Clamor,
441 3888 470 3941 in
482 3889 595 3944 aetheriis
609 3890 742 3959 dispersus
755 3889 873 3943 nubibus
885 3889 987 3943 Austri.

174 4040 305 4131 Ecquis
322 4043 399 4113 haeo
417 4053 519 4133 putet
543 4046 693 4115 inaniter
709 4047 815 4115 modo
838 4044 978 4137 gloriari
997 4046 1217 4131 Lucretium,

314 4290 325 4328 ¹
341 4291 420 4345 Lucr.
436 4308 458 4344 1.
472 4309 533 4362 930.
852 4305 900 4361 ¹4.
917 4297 975 4349 181.
989 4310 1050 4366 907.
