2768 4876
169 317 232 382 722
276 314 383 379 Indole
396 336 455 378 noa
468 313 645 398 mapalia·
658 313 843 398 amulorum
858 315 982 379 Porcio.
1004 337 1212 379 rnnnxxxvr.

170 483 270 553 Num
296 484 422 575 potuit,
444 483 613 574 inquient,
631 481 736 552 alacri
759 483 872 574 magis
897 484 1015 552 animo
1036 483 1076 551 in
1099 484 1213 552 media

168 600 264 671 eaede
287 610 394 692 atque
412 601 448 668 in
465 600 624 669 tumultu
641 601 769 670 versari
795 601 869 670 sive
887 599 1068 672 Homerus
1085 624 1148 671 seu
1165 601 1214 670 fe-

168 738 232 784 rox
250 717 324 807 ipse
341 714 525 807 Tyrtaeusi
566 713 623 784 Ac
640 715 753 784 fateor
770 715 955 807 equidem:
984 739 1102 807 neque
1119 716 1213 785 enim

168 830 333 924 Virgilio,
352 830 425 901 ulla
441 831 479 900 in
497 831 654 911 materie,
673 831 792 900 defore
810 831 1018 901 crediderim
1040 841 1104 901 aut
1127 831 1215 902 libe-

169 971 246 1016 rum
267 947 368 1017 illum
393 970 533 1017 cursum
554 947 780 1037 sonitumque
803 947 1002 1030 verborum,
1020 956 1084 1018 aut
1102 950 1215 1040 poeti-

168 1086 256 1145 cam,
274 1086 380 1155 quam
400 1072 536 1143 vocant,
554 1061 731 1157 ἐναργεῖαν,
749 1085 826 1153 quae
848 1084 965 1132 coram
989 1072 1074 1132 ante
1094 1063 1215 1132 oculos

168 1178 290 1247 sistere
316 1177 407 1247 solet
432 1177 559 1247 omnia.
612 1177 687 1246 Isto
708 1179 806 1268 quasi
831 1178 1067 1246 instrumento
1092 1199 1133 1248 ac
1159 1201 1215 1247 su-

168 1292 336 1385 pellectili
350 1294 437 1362 adeo
449 1294 659 1375 insueverat,
670 1292 881 1362 creberrimo
895 1316 972 1375 usu,
983 1294 1215 1384 peritissimus

168 1407 306 1477 dicendi
338 1407 476 1487 artiferr,
508 1415 548 1475 ut
577 1429 623 1475 ne
652 1406 689 1474 in
719 1404 847 1474 triviali
875 1427 1013 1496 quaque
1042 1411 1083 1474 re
1113 1405 1215 1475 facile

167 1524 350 1616 potuisset,
362 1523 495 1614 opinor,
506 1545 549 1591 eo
567 1541 706 1591 carere:
729 1521 862 1590 nedum
879 1522 916 1589 in
934 1543 976 1590 eo
994 1532 1214 1614 argumento,

167 1641 260 1732 quod
287 1638 453 1731 Augusto
483 1638 754 1707 commendante
781 1635 845 1725 (sic
873 1637 968 1705 enirn
999 1637 1213 1728 accepimus)

167 1755 263 1824 omni
282 1754 400 1824 studio
416 1764 454 1823 et
472 1753 655 1846 diligentia
672 1753 830 1822 ornabat.
870 1753 967 1821 Nam
985 1761 1023 1822 et
1040 1754 1134 1844 apud
1151 1775 1215 1823 nos

167 1893 308 1963 quoque
333 1868 469 1939 nobiles
490 1868 613 1938 Poetae
634 1869 839 1938 cecinerunt
856 1891 934 1960 quae
959 1870 1088 1959 cuique
1111 1870 1214 1939 obvia

167 1993 357 2066 venerant3
381 1984 469 2053 alius
486 2006 644 2053 muscam
662 1984 753 2053 forte
770 1985 1033 2076 interemptam,
1046 1984 1136 2054 alius
1154 1985 1214 2080 ab·

167 2099 313 2168 scissum
340 2097 466 2189 puellae
490 2099 633 2180 crinem,
657 2098 756 2180 alius,
774 2099 803 2167 si
829 2120 884 2167 res
909 2099 961 2168 ita
984 2098 1082 2182 tulit,
1107 2099 1212 2169 aliam

167 2238 264 2297 rem;
289 2238 405 2305 neque
427 2215 537 2284 ullam
559 2214 686 2306 leporis
710 2224 748 2284 et
772 2216 903 2308 ingenii
929 2225 1066 2306 partem
1088 2218 1214 2286 omise-

167 2338 271 2400 runt:
297 2354 378 2400 cum
397 2332 529 2400 nemini
550 2339 672 2399 tamen
689 2353 843 2421 unquam
869 2331 905 2398 in
931 2339 1092 2400 mentem
1110 2354 1214 2401 vene-

167 2448 223 2528 rit,
242 2447 286 2516 de
304 2446 407 2516 rebus
425 2446 622 2515 istiusmodi
640 2447 730 2515 serio
748 2447 919 2537 cogitasse
937 2448 1136 2537 scriptores,
1154 2471 1215 2517 ue-

167 2564 290 2652 quein
307 2564 349 2632 iis
367 2564 456 2631 verti
478 2585 652 2631 summam
670 2584 790 2630 eorum
811 2562 972 2630 Poeseos.
1026 2561 1213 2632 Falluntur

82 2752 85 2756 ,
167 2677 296 2766 itaque,
318 2678 345 2746 si
364 2679 424 2767 qui
445 2699 563 2745 veram
592 2675 712 2744 Poetae
737 2674 891 2743 indolem
919 2686 1017 2744 certo
1043 2679 1128 2745 satis
1154 2679 1213 2745 de-

167 2791 383 2879 prehendere
410 2815 447 2860 sc
473 2792 687 2859 arbitrantur
710 2791 840 2858 eximio
862 2789 918 2857 vel
945 2791 1062 2859 sonitu
1089 2794 1212 2861 carmi-

167 2928 251 2974 num
270 2905 326 2975 vel
345 2907 536 2997 imaginum
556 2904 750 2995 splendore.

217 3020 313 3102 Quin
334 3021 379 3089 ad
402 3043 444 3089 ea
469 3020 586 3111 potius
601 3042 675 3088 nos
701 3020 922 3100 conferimus,
940 3042 1018 3109 quae
1043 3019 1087 3089 ad
1116 3045 1211 3091 men·

166 3144 240 3204 tem
257 3137 378 3226 ipsam,
397 3159 467 3203 non
484 3136 527 3202 ad
546 3157 647 3202 aures
665 3133 853 3225 oculosque
871 3134 1082 3204 referuntur.
1124 3136 1210 3205 Tam

167 3250 340 3319 Heroicos
360 3272 466 3340 quarn
483 3248 647 3340 Tragicos
667 3249 869 3338 judicemus
895 3273 940 3318 ex
967 3249 1110 3319 illorum
1135 3275 1212 3344 per-

166 3366 268 3445 sonis,
300 3366 359 3456 qui
389 3366 518 3454 primas
548 3364 641 3454 apud
671 3387 730 3433 eos
760 3373 882 3456 agunt.
934 3364 1039 3446 Quod
1068 3367 1108 3447 si,
1135 3390 1210 3458 quae

164 3483 209 3550 ad
242 3481 434 3571 principem
467 3503 642 3571 quemque
677 3480 856 3571 pertinent
887 3489 1055 3562 actorem,
1086 3481 1211 3574 frigida

165 3620 206 3666 ea
232 3595 398 3687 pleraque
424 3603 461 3662 et
488 3603 609 3663 coacta
626 3617 702 3677 esse
719 3594 943 3677 videbuntur,
962 3597 1021 3663 vix
1044 3597 1113 3665 erit
1139 3621 1211 3666 ore-

95 3712 97 3714 ’
165 3709 282 3790 dibile,
310 3709 469 3799 scripturi
495 3707 546 3776 illi
572 3707 744 3800 placuisse
770 3732 816 3778 ex
842 3709 968 3778 intimo
993 3709 1113 3778 animo
1139 3733 1211 3780 sus·

165 3834 309 3916 ceptum
331 3846 438 3915 opus;
464 3845 589 3913 neque,
609 3824 645 3891 id
662 3825 756 3913 quod
777 3826 893 3893 ridens
911 3825 954 3893 de
971 3846 1009 3892 se
1026 3825 1077 3892 ait
1096 3825 1210 3895 Hora·

164 3940 245 4020 tius,
264 3937 344 4007 ideo
370 3938 445 4007 istis
471 3946 567 4007 certe
592 3939 747 4007 versibus
774 3940 910 4009 dedisse
935 3962 1089 4031 operam,
1109 3964 1210 4033 prop-

164 4064 262 4121 terea
279 4054 372 4143 quod
390 4055 559 4144 nequibat
577 4055 739 4124 dormire.

214 4168 366 4249 Videtis,
385 4166 601 4249 Academici,
621 4191 691 4258 quo
708 4171 833 4238 tendat
859 4172 989 4240 oratio:
1017 4195 1089 4240 nou
1113 4173 1210 4242 eritis

164 4305 268 4352 arne
295 4283 452 4363 docendi,
472 4282 674 4375 longissime
700 4286 793 4353 inter
818 4309 855 4355 sc
882 4286 1022 4368 distare,
1048 4290 1143 4377 quod
1166 4289 1209 4359 ad
