2768 4876
221 315 287 382 634
425 315 601 402 Virgilianos
614 316 663 380 ool
677 315 864 380 Christianis
870 315 1033 400 profuisse
1078 336 1176 378 rann.
1186 335 1271 376 xxxi.

221 487 417 559 autumno?
460 487 528 558 cui
551 511 622 556 non
649 488 807 556 omnium
834 495 1004 568 nostrum,
1029 487 1092 577 qui
1118 487 1271 556 modoe

220 605 337 695 pueris
354 604 516 685 excessit,
535 602 707 672 familiare
726 603 830 671 nimis
846 600 935 671 illud
953 600 1108 693 Virgilii,

363 793 514 849 Ostendent
525 794 603 848 terris
614 794 688 848 huuc
700 801 805 848 tantum
816 793 879 858 iata,
892 810 978 864 neque
989 793 1060 847 ultra

361 880 429 934 Eme
443 881 548 934 sinent?

271 1047 390 1131 Quare
419 1049 508 1119 illud
536 1050 680 1141 quidem
710 1050 841 1119 nemini
873 1050 919 1120 sit
948 1049 1167 1132 incredibile,
1193 1050 1268 1121 fieri

220 1166 377 1256 potuisse
404 1175 446 1233 ut
462 1165 592 1243 „Musis
612 1165 826 1258 Virgilianis,
852 1167 958 1235 modo
979 1167 1055 1257 jam
1087 1167 1124 1234 in
1152 1164 1269 1235 lucem

221 1282 363 1360 vocatis,
382 1281 681 1371 supersedendum
706 1281 808 1364 foret,
832 1291 972 1372 reperto
990 1279 1158 1350 videlicet
1175 1282 1269 1371 quod

220 1402 258 1464 et
275 1394 402 1465 melius
417 1407 555 1465 curaret
568 1404 606 1464 et
619 1396 760 1466 suavius
774 1397 934 1466 reliceret
950 1396 1123 1466 homines.
1160 1395 1269 1466 Porro

221 1511 298 1602 quis
327 1510 404 1591 soit,
434 1533 480 1579 an
512 1510 657 1580 oonsilio
687 1510 874 1602 plusquam
903 1511 1059 1581 humano
1089 1512 1268 1602 provisum

220 1624 328 1693 fuerit
348 1623 449 1693 nobis
467 1647 617 1714 quoque,
636 1634 758 1695 contra
774 1627 936 1694 inertiam
955 1634 993 1696 et
1010 1625 1140 1719 ingrati
1161 1625 1269 1694 animi

220 1739 450 1832 languorem?
487 1762 533 1809 ne
560 1762 700 1831 semper
726 1741 919 1832 jaceamus,
949 1741 1069 1810 divino
1096 1740 1268 1810 beneficio

220 1855 366 1947 indigni.
419 1854 585 1924 Profecto
608 1877 719 1947 genus
744 1855 831 1925 illud
852 1855 1003 1926 Poeseos
1021 1854 1211 1924 umbratile
1228 1877 1268 1924 ac

221 1977 393 2052 tenerum,
420 1979 457 2040 et
486 1969 701 2040 latebrarum
727 1993 767 2039 ac
793 1970 944 2062 perlugii
970 1991 1102 2050 amans,
1128 1977 1269 2060 poterat

220 2083 317 2152 omui
335 2092 494 2176 tempore
513 2107 588 2154 esse
605 2085 821 2166 testimonio,
839 2107 944 2175 quam
967 2105 1091 2175 parum
1114 2083 1181 2152 sibi
1199 2083 1270 2154 suf-

220 2197 315 2267 ficiat
338 2199 541 2268 mortalium
561 2221 672 2281 mens,
691 2201 765 2269 sive
781 2201 825 2269 ad
844 2199 988 2292 negotia
1013 2220 1050 2267 se
1075 2198 1268 2268 intenderit

220 2335 283 2382 seu
307 2313 351 2382 ad
377 2313 644 2404 philosophiam.
698 2314 844 2383 Poterat
869 2336 1033 2384 accusare
1059 2335 1183 2382 eorum
1210 2315 1269 2383 de-

220 2428 401 2506 mentiam,
429 2428 489 2517 qui
519 2426 649 2517 paratis
678 2424 875 2497 caelestibus
905 2435 943 2496 et
974 2427 1090 2508 certis,
1120 2426 1269 2496 mallent

220 2541 356 2614 haerere
381 2545 417 2611 in
440 2544 554 2612 dubiis
571 2550 609 2611 et
626 2544 784 2612 terrenis.
837 2543 982 2613 Poterat
1000 2541 1152 2632 denique
1170 2550 1270 2612 tene-

220 2657 369 2726 rioribus
387 2679 462 2726 esse
479 2657 616 2739 solatio,
627 2658 784 2747 vitioque
797 2669 834 2727 et
849 2681 965 2728 errore
983 2656 1093 2725 fessos
1109 2656 1269 2726 imbuere

221 2770 405 2862 paullatim
424 2773 571 2841 castiore
590 2771 784 2862 disciplina.

273 2884 435 2966 Habetis,
453 2909 515 2954 cur
537 2887 647 2956 nolim
674 2887 836 2977 ineptum
859 2886 986 2976 putari,
1005 2886 1033 2954 si
1051 2885 1130 2976 quis
1148 2884 1269 2954 existi·

220 3007 306 3080 met,
323 3023 395 3068 non
413 3001 487 3068 sine
505 3002 662 3069 Numine
688 3001 857 3092 prodiisse
880 3001 916 3068 in
944 2999 1073 3080 lucem,
1091 2997 1152 3066 illo
1171 3022 1269 3068 max·

219 3114 293 3183 ime
324 3121 493 3205 tempore,
522 3114 727 3184 Lucretium
758 3116 881 3205 primo,
909 3115 1036 3183 deinde
1063 3111 1267 3204 Virgilium,

220 3227 395 3318 principes
409 3228 667 3317 quodammodo
682 3250 784 3297 novae
799 3227 988 3296 Poetamm
1003 3224 1156 3294 familiae.
1197 3227 1268 3295 Ac·

220 3343 327 3423 cedit,
357 3342 452 3431 quod
482 3342 664 3430 utriusque
694 3341 789 3432 operi
819 3341 940 3409 aderat
970 3340 1070 3429 quasi
1100 3347 1269 3431 congesta

219 3456 404 3524 materies:
431 3455 564 3523 nonin
590 3478 697 3524 vacua
723 3477 863 3544 prorsus
882 3464 1075 3536 venerunt3
1101 3455 1268 3543 perstrin-

220 3578 322 3637 xerat
341 3569 555 3660 jampridem
582 3567 705 3649 solum,
724 3569 897 3658 viamque,
915 3575 957 3635 ut
978 3569 1030 3635 ita
1047 3566 1174 3649 dicam,
1191 3590 1269 3636 mu-

220 3683 369 3767 niverat,
386 3682 468 3751 hnic
486 3682 729 3772 Empedocles,
748 3682 800 3750 illi
817 3681 1035 3751 Theocritus.

270 3795 327 3866 Ac
358 3800 401 3866 de
434 3796 650 3888 Empedocle
680 3798 823 3886 quidem
852 3797 1028 3888 jejuniora
1061 3804 1156 3877 sunt,
1187 3820 1267 3887 quae

218 3920 413 3991 narrantur,
445 3935 550 4001 quam
585 3919 626 3979 ut
661 3912 746 3980 certi
782 3911 915 4002 aliquid
950 3912 995 3980 de
1027 3933 1159 4003 genere
1193 3911 1267 4000 ejus

218 4025 392 4094 scribendi
420 4035 575 4095 statuere
602 4026 725 4095 ausim.
776 4024 991 4095 Aristoteles
1016 4035 1124 4117 negat
1150 4024 1213 4105 illi,
1238 4024 1265 4093 si

219 4160 383 4208 numeros
398 4134 562 4231 excipias,
577 4141 764 4230 quicquam
779 4141 886 4210 fuisse
900 4163 981 4210 oum
996 4139 1158 4209 Homero
1172 4161 1265 4209 com·
