2768 4876
165 329 383 376 rnnnnvm.
427 312 597 398 Scplroohm
609 311 714 391 malta,
730 323 765 377 ut
779 313 974 389 Imitatum,
987 314 1097 394 affara
1159 313 1216 375 58]

170 489 207 550 et
223 481 417 564 immunia,
448 481 660 554 Philoctetae
687 481 824 564 vulnus,
856 480 1022 550 Herculis
1053 483 1220 562 tunicam,

170 595 344 668 laceratos
353 597 538 690 OEdipodis
557 599 700 669 oculos?
743 599 848 682 Quid,
860 597 953 689 quod
973 598 1142 667 curiosius
1160 620 1221 667 ex-

171 712 349 804 plicantur
373 715 501 797 omnia,
525 715 553 784 si
580 715 672 785 forte
698 715 822 786 subeat
848 713 965 804 aliqua
986 712 1041 781 vel
1068 715 1220 782 narratio

170 828 341 920 prolixior
364 827 421 898 vel
449 829 669 920 disputatio?
705 829 798 921 quod
828 830 927 907 adeo,
957 832 1041 918 (qua
1066 851 1105 897 re
1132 827 1218 895 nihil

172 943 381 1038 molestius)
401 945 514 1015 Poeta
531 947 719 1037 saepissime
740 944 901 1035 fungitur
917 943 1031 1012 officio
1050 942 1105 1011 vel
1125 943 1220 1011 Rhe-

171 1058 256 1128 toris
275 1059 332 1128 vel
352 1059 541 1150 Sophistae,
552 1059 608 1130 vel
627 1062 735 1132 etiam
753 1061 828 1150 ejus
845 1057 1007 1139 hominis,
1025 1058 1084 1147 qui
1103 1079 1140 1125 se
1158 1057 1220 1125 ali-

171 1175 254 1264 quid
274 1197 351 1245 esse
369 1177 405 1244 in
424 1174 604 1266 republica
621 1175 732 1246 velit?
770 1174 959 1252 Nimirum,
979 1172 1093 1263 siquid
1111 1173 1148 1240 in
1164 1172 1219 1240 his

171 1291 361 1382 generibus
383 1300 480 1361 recte
498 1293 585 1360 vitio
604 1292 754 1360 vertitur
772 1287 948 1380 Sophocli,
968 1289 1045 1378 quis
1071 1310 1141 1355 non
1167 1288 1219 1356 iu-

170 1404 302 1499 telligit
318 1430 427 1477 uuam
445 1430 521 1477 esse
539 1408 698 1477 omnium
715 1405 912 1475 rationem?
965 1403 1095 1474 Omnia
1112 1405 1218 1495 scrip-

170 1524 284 1590 torem
302 1546 385 1591 eum
403 1524 554 1613 sapiunt,
573 1524 672 1614 cujus
690 1545 761 1590 non
778 1530 903 1612 sponte
920 1519 1071 1612 profluat
1088 1518 1217 1602 Poesis,

168 1661 238 1728 quo
256 1637 347 1706 ferat
364 1661 420 1708 res
437 1648 474 1708 et
492 1639 641 1719 animus,
659 1638 720 1707 sed
745 1660 826 1706 cum
852 1636 972 1705 labore
996 1645 1033 1705 et
1056 1634 1219 1704 molestia

168 1753 365 1822 deducatur
389 1754 427 1822 in
449 1777 527 1824 eam
555 1764 701 1845 partem,
720 1778 801 1845 quae
819 1762 863 1835 et,
880 1753 1026 1823 scenicis
1052 1752 1098 1821 sit
1123 1774 1218 1821 com-

167 1869 306 1938 modior
322 1879 359 1938 et
377 1869 506 1962 populo
525 1869 800 1940 Atheniensium
818 1871 962 1962 gratior.

216 1983 384 2075 Denique
409 1985 517 2056 fuisse
545 1986 768 2055 Imitatorem
792 1994 829 2054 et
856 1993 993 2054 veteres
1019 1992 1216 2065 testantur3

167 2098 241 2194 (ἀφ’
272 2098 416 2169 ἑκάστου
443 2097 521 2194 γὰρ,
550 2103 665 2192 lnquit
692 2100 962 2179 Grammaticus,
988 2096 1031 2167 τὸ
1061 2096 1217 2193 λαμπρὸν

164 2210 364 2311 ἆπανθίζει·)
391 2225 428 2285 et
445 2217 578 2285 nemini
601 2218 668 2286 erit
689 2217 861 2308 ignotum,
881 2216 938 2306 qui
958 2224 1041 2285 ante
1059 2238 1140 2284 eum
1161 2213 1216 2283 vel

163 2329 287 2420 primis
304 2328 410 2400 labris
428 2331 502 2400 sive
517 2331 717 2401 Homemm
736 2333 809 2401 sive
823 2331 1028 2423 AEschylum
1045 2331 1214 2422 attigerit.

167 2444 255 2527 Quae
273 2445 417 2535 quidem
441 2470 496 2517 res
517 2449 568 2517 ita
588 2449 630 2516 fit
656 2447 796 2528 indicio,
814 2471 931 2517 carere
957 2447 1111 2536 aliquem
1136 2468 1216 2536 pro·

166 2561 240 2652 prio
259 2561 359 2631 fonte
378 2560 539 2644 Poeseos,
558 2565 586 2632 si
605 2586 675 2632 non
699 2564 775 2633 fieri
792 2563 954 2633 videatur
979 2561 1113 2631 incuria
1131 2584 1215 2652 qua-

166 2676 246 2746 dam
282 2684 320 2746 et
355 2677 490 2748 calamo
525 2690 744 2771 properante,
776 2681 837 2748 sed
872 2678 1017 2748 consilio
1047 2685 1084 2745 et
1115 2687 1213 2758 arte;

166 2793 393 2884 maximeque
422 2795 459 2864 in
489 2796 532 2864 iis
563 2794 658 2877 locis,
688 2798 747 2886 qui
774 2794 1107 2865 commovendorum
1141 2794 1214 2861 aui-

165 2930 304 2978 morum
331 2932 435 2980 causa
460 2921 683 3003 usurpantur.
736 2911 903 2983 Viderint
929 2904 1049 2979 autem
1068 2910 1127 2999 qui
1151 2907 1214 2977 So-

164 3022 282 3114 phocli
306 3023 418 3094 velint
444 3027 573 3116 primas
601 3027 786 3110 vindicare,
813 3050 858 3096 an
883 3027 919 3094 in
946 3025 1040 3094 hunc
1069 3047 1213 3093 censum

165 3147 261 3206 recte
282 3138 454 3208 referatur
473 3139 527 3208 vel
546 3140 666 3231 Ajacis
685 3164 766 3210 cum
784 3141 970 3210 Tecmessa
987 3138 1211 3228 colloquium,

163 3251 326 3343 proxime
351 3255 530 3346 attingens
556 3254 778 3324 Hectoreum
804 3255 891 3324 illud
910 3255 1023 3336 Vale;
1055 3253 1111 3322 vel
1135 3252 1212 3330 uni-‚

165 3387 264 3435 versa
289 3364 445 3435 Electrae
473 3369 573 3450 ratio,
601 3368 726 3437 eodem
757 3368 830 3438 fere
858 3369 918 3437 filo
944 3369 1115 3447 deductae,
1142 3389 1211 3455 quo

164 3477 324 3571 AEschyli
342 3480 580 3574 Cho'e'phorae3
604 3485 670 3553 nisi
689 3485 771 3573 quia
790 3493 962 3575 perpetua
986 3481 1048 3552 illa
1073 3480 1211 3572 religio-

164 3618 249 3664 num
272 3596 454 3666 mentione
480 3599 780 3689 supersedendum
798 3599 901 3667 duxit
920 3596 1122 3690 Sophoclea,
1141 3618 1211 3684 qua

163 3734 232 3781 una
261 3712 499 3782 vindicaverat
524 3712 710 3805 AEschylus
739 3715 784 3784 ah
814 3715 997 3806 impietate
1025 3734 1211 3805 argumen-

162 3835 240 3896 tum
258 3849 372 3897 suum.

211 3942 318 4026 Quod
336 3944 365 4011 si
384 3946 481 4034 (nam
503 3946 554 4014 ita
570 3945 735 4034 traditur)
758 3947 933 4015 credimus
950 3944 1094 4014 εὐκολίαν
1111 3943 1209 4012 illam

164 4054 349 4149 Sophoclis
372 4060 514 4149 propius
532 4061 685 4129 abfuisse
702 4083 723 4129 a
739 4060 860 4130 saeculi
886 4063 939 4130 sui
966 4059 1119 4141 licentia,
1137 4080 1209 4128 nou

162 4171 229 4241 erit
250 4195 313 4241 cur
338 4174 562 4255 admiremur,
580 4177 722 4268 ingenio
748 4185 821 4244 tam
848 4175 1012 4267 praeclaro
1039 4184 1111 4242 tam
1138 4173 1209 4242 ele-

162 4287 259 4379 ganti
292 4309 365 4357 non
399 4297 525 4380 praesto
560 4291 666 4362 fuisse
702 4292 858 4360 nativam
888 4292 1040 4383 aliquam
1069 4290 1208 4361 Possin.
