2768 4876
164 318 262 392 rann.
274 349 350 390 xxv.
378 322 470 413 quota
482 326 634 392 matter
646 347 743 393 mum
750 336 899 413 mmor
912 347 979 392 mos
993 327 1112 392 nudat
1150 329 1215 395 tot

167 500 293 591 suique
319 500 458 571 artificii
485 501 624 582 nimius,
649 509 691 570 ut
716 500 767 583 fit,
797 500 989 571 laudator?
1040 499 1094 570 At
1120 500 1215 570 enim

167 623 266 685 totus
295 615 354 686 hic
387 614 487 686 locus
518 616 570 685 ita
599 615 766 686 convenit
794 625 836 686 ut
864 615 953 685 nihil
986 617 1099 708 magIs
1134 638 1215 685 cum

168 729 383 800 athletarum
400 730 557 800 moribus
575 740 683 821 atque
699 731 853 823 ingenio.
906 730 1088 801 Nimirum
1103 730 1216 800 Marti

169 842 382 936 Martiisque
399 845 492 916 ludis
509 847 649 939 propria
665 867 806 938 semper
817 847 886 915 fuit
902 868 1048 927 merces,
1059 845 1216 927 “faron’'

168 966 208 1027 ut
234 960 285 1029 ait
307 959 460 1050 quidam,
485 968 553 1030 “et
578 959 700 1054 lingua
726 961 927 1053 potentium
953 959 1107 1030 vatum.'’
1158 957 1216 1028 Ac

168 1095 212 1142 ne
243 1075 281 1143 in
310 1076 496 1145 materiem
530 1075 699 1145 abeamus
726 1075 853 1167 puerili
883 1097 1024 1167 quoque
1055 1096 1217 1146 sermone

168 1189 301 1272 tritam,
328 1189 373 1259 de
396 1212 483 1260 voce
502 1189 689 1261 Musarum
713 1189 819 1259 nullis
840 1189 1104 1280 circumscripta
1126 1189 1217 1280 regi·

168 1301 305 1386 onibus
336 1303 435 1374 nullo
465 1313 626 1396 tempore
656 1304 852 1385 abolenda3
887 1326 1076 1373 commune
1105 1305 1217 1394 quod·

168 1416 250 1485 dam
266 1416 398 1488 habere
418 1419 506 1489 milri
524 1419 665 1488 videtur
681 1418 849 1490 bellicosa
865 1418 927 1488 illa
943 1429 981 1488 et
997 1420 1216 1511 gymnastico

168 1529 305 1600 indoles
329 1554 411 1601 cum
437 1556 567 1624 genere
593 1531 703 1625 lyrico
729 1540 767 1602 et
793 1533 991 1625 praesertim
1017 1531 1214 1602 Pindarico.

168 1643 294 1715 Fortes
311 1646 477 1717 videlicet
502 1648 607 1717 fortia
625 1648 754 1738 juvant
781 1647 910 1718 verba:
936 1657 1057 1717 amant
1082 1646 1215 1716 milites

168 1767 305 1830 temere
325 1761 586 1852 quodammodo
609 1761 835 1853 loquentem3
864 1762 1087 1835 delectantur
1111 1762 1216 1831 liber-

168 1882 242 1944 tate
262 1873 335 1957 illa,
359 1896 407 1944 ne
424 1876 539 1945 dicam
563 1876 719 1958 audacia,
741 1897 812 1967 qua
834 1875 951 1945 solent
975 1877 1030 1946 uti
1055 1898 1127 1967 prae
1151 1899 1216 1945 cae-

167 1989 251 2058 teris
267 1989 305 2059 id
321 2011 433 2083 genus
450 1989 593 2073 Poetae;
621 1998 662 2059 ut
681 1991 742 2081 qui
759 1990 848 2059 nihil
865 1989 962 2060 aliud
979 2013 1052 2082 prae
1070 2012 1107 2060 se
1124 1990 1215 2059 ferre

168 2104 364 2187 videantur,
375 2105 442 2174 nisi
454 2112 496 2173 ιιι
514 2106 622 2174 animi
639 2113 759 2175 motus
775 2127 839 2197 pro
856 2112 1017 2195 tempore
1033 2113 1215 2195 utcunque

168 2217 324 2288 efferant.
377 2218 496 2301 Quare
521 2242 567 2288 ne
593 2218 720 2289 festiva
742 2219 885 2308 quidem
907 2241 992 2287 usus
1016 2220 1215 2310 arrogantia

168 2331 356 2424 displicuit,
370 2333 486 2415 credo,
498 2331 671 2402 Pindarus
683 2340 805 2400 noster
817 2331 1037 2401 Theronibus
1054 2341 1091 2401 et
1104 2333 1232 2402 (λιτο-δ

167 2450 247 2518 miis
272 2451 353 2529 suis,
375 2448 556 2540 judicibus
578 2446 746 2517 videlicet
772 2448 817 2516 de
844 2447 960 2516 studio
987 2455 1024 2516 et
1054 2447 1215 2539 palaestra

167 2563 325 2634 delectis.

215 2676 275 2747 Ac
300 2679 418 2748 nescio
442 2677 607 2767 equidem
631 2699 676 2747 an
701 2675 800 2745 nulla
817 2698 863 2745 ex
880 2683 981 2767 parte
998 2675 1110 2767 magis
1128 2677 1216 2744 emi-

166 2813 250 2861 nere
272 2792 422 2862 dixerim
442 2791 573 2862 subtile
599 2791 674 2882 ejus
693 2790 879 2882 judicium,
904 2813 1011 2880 quam
1033 2790 1126 2880 quod
1153 2813 1215 2881 op-

167 2907 254 2974 time
279 2907 380 2976 novit
405 2907 456 2976 ita
479 2907 727 2975 commendare
751 2926 881 2974 munus
905 2927 1018 2986 suum,
1037 2913 1078 2973 ut
1096 2905 1215 2972 omnia

167 3028 287 3089 tamen
308 3019 436 3089 cedant
461 3019 498 3088 in
520 3042 643 3089 eorum
668 3018 828 3111 gloriam,
846 3040 996 3108 quorum
1013 3018 1105 3086 forte
1122 3017 1216 3086 cele·

167 3133 301 3203 branda
330 3133 401 3202 sint
427 3141 538 3224 gesta.
589 3131 704 3203 Velut
732 3132 794 3217 ubi
825 3133 869 3201 de
900 3131 1039 3201 Nemea
1069 3129 1213 3199 deducit

168 3247 375 3317 Chromium
389 3247 571 3316 AEtnaeum
589 3269 670 3315 cum
688 3245 806 3338 palma
831 3268 914 3316 sua:
941 3269 1018 3336 quae
1037 3244 1215 3315 cantilena

167 3363 327 3452 proxime
361 3362 482 3430 abesse
512 3361 653 3430 videtur
685 3361 730 3430 ab
764 3362 866 3430 istius
896 3360 1048 3430 Poeseos
1078 3369 1214 3440 tenore,

169 3499 234 3566 qua
267 3475 381 3568 viguit
414 3474 589 3544 recentior
621 3474 692 3557 illa,
726 3483 806 3565 post
842 3475 1031 3557 Romanos,
1065 3474 1214 3544 heroum

169 3585 293 3661 aetash.

342 3717 449 3769 πολλῶν
461 3713 557 3779 ἐπέβαν
569 3715 657 3784 καιρὸν
670 3715 700 3768 οὗ
712 3714 806 3786 ψεύδει
817 3719 916 3782 βαλών

342 3801 421 3855 ἔσται
433 3798 455 3853 δ’
468 3800 507 3853 ἐπ’
520 3799 634 3854 αὐλείαις
645 3797 734 3870 θύραις

342 3881 435 3952 ἀνδρὸς
446 3884 598 3954 φιλοξιίνου
609 3883 676 3937 καλὰ
687 3882 857 3954 μελπόμενοι,

343 3967 404 4022 ἔνθα
414 3989 459 4037 μοι
470 3967 594 4038 ἁρμόδιον

343 4053 446 4108 δεῖπνον
458 4051 621 4122 κεκόσμηται,
634 4053 702 4122 θαμὰ
714 4053 736 4106 d'
749 4051 907 4107 ἀλλοδαπῶν

590 4275 693 4330 ιιΝοαι.
709 4292 732 4329 1.
747 4275 791 4329 26.
