2768 4876
190 1456 546 1550 PRAELECTIO
578 1453 908 1538 TRIGESIMA
942 1451 1186 1543 QUINTA.

159 2003 319 2069 [moratium
329 2004 413 2073 speum
423 2002 615 2072 impmdentem,
622 2000 789 2071 reliyiouu'buc
800 2000 938 2055 inservire:
952 2001 1050 2074 ptimo?
1062 2000 1134 2070 quod
1143 2001 1210 2063 cicc,

195 2091 348 2160 voluptaria
366 2108 472 2160 quoque,
486 2106 563 2143 curas
578 2090 667 2141 iuuueo
683 2088 823 2157 sepissime
837 2087 968 2158 deploret:
987 2087 1079 2142 Made
1097 2087 1168 2157 quod
1183 2103 1212 2140 cc

194 2177 291 2229 solutio
309 2177 404 2245 offerat
422 2194 478 2246 qua
495 2193 571 2229 mauu
589 2175 773 2244 quodammodo
791 2175 827 2228 ud
846 2175 980 2228 cecitatem
998 2174 1116 2234 ducout;
1137 2174 1212 2227 immo

189 2261 322 2328 fateatur,
340 2261 486 2328 deciduum
503 2279 531 2314 ae
548 2261 663 2314 Deorum
681 2261 872 2322 commercium:
892 2260 961 2330 quod
972 2276 1056 2329 porro
1075 2258 1151 2312 auide
1168 2257 1213 2311 ob·

195 2346 280 2398 acutia
296 2347 418 2415 arripiat,
430 2346 554 2399 sermonis
570 2346 684 2414 inopium
701 2345 810 2406 innuet,
824 2344 910 2397 ludum
922 2350 999 2412 atque
1010 2343 1100 2411 jocum
1113 2358 1212 2396 caerae·

196 2438 256 2494 tur:
275 2433 383 2484 mocime
397 2450 457 2485 uero
466 2438 577 2501 propter
591 2448 692 2484 aeacum
704 2432 787 2493 illum,
798 2431 891 2499 ubique
903 2428 1033 2498 duffuaum,
1047 2436 1101 2482 tum
1113 2429 1213 2499 Infimiti

196 2536 228 2572 oc
240 2520 380 2586 Prosundi,
393 2526 445 2572 tum
457 2519 552 2572 obdita
564 2518 696 2586 cujusdam
708 2525 732 2571 et
744 2524 840 2585 euecta
852 2516 1070 2570 Pulchritude'm‘c.

257 2715 638 2786 UAERENTIBUS
672 2716 773 2784 nobis
804 2715 1028 2785 Lucretianae
1059 2714 1213 2785 Poescos

282 2834 490 2923 praecipuam
509 2855 549 2901 ac
568 2831 742 2922 propriam
761 2831 843 2912 vim,
861 2831 1079 2912 Academici,
1098 2832 1213 2900 visum

164 2958 250 3028 erat,
274 2950 302 3018 si
331 2948 551 3028 meministia
578 2945 675 3015 nulla
702 2946 791 3014 adeo
818 2969 856 3014 re
884 2946 960 3037 capi
992 2969 1032 3015 ao
1061 2946 1211 3015 detineri

166 3061 352 3153 Scriptocis
378 3063 544 3142 animum,
564 3069 671 3151 atque
695 3059 756 3128 illo
778 3060 925 3129 obscuro
944 3068 980 3128 et
997 3059 1138 3128 infinito
1155 3082 1216 3151 ge÷

166 3199 259 3258 nere,
277 3176 430 3256 latebris,
450 3185 490 3245 ut
507 3178 556 3245 ita
574 3176 700 3257 dicam,
718 3187 755 3244 et
773 3176 907 3245 arcanis
926 3174 1088 3252 Naturae,
1142 3174 1215 3245 Dc.

165 3293 248 3361 inde
278 3293 392 3363 allatis
422 3295 459 3361 in
490 3315 567 3361 eam
598 3302 734 3383 partem
765 3275 947 3382 exemplis,
979 3291 1214 3382 quaestionem

165 3405 348 3498 attigimus
383 3430 454 3475 non
488 3407 689 3475 minimam:
727 3429 879 3496 quanam
909 3405 1134 3497 potissimum
1163 3429 1216 3475 ra,

165 3522 263 3589 tione
298 3523 343 3590 sit
378 3522 522 3604 factum,
552 3532 591 3591 ut
622 3522 793 3615 effugeret
820 3520 978 3612 Scriptor
1008 3518 1051 3589 τὸ
1086 3520 1215 3617 μιαρὸν,

169 3638 278 3728 (quod
304 3647 405 3707 vocat
432 3637 681 3730 Aristoteles);
712 3647 879 3708 manante
909 3638 1016 3706 etiam
1046 3661 1111 3728 per
1141 3661 1216 3706 om-

167 3755 225 3822 nia
251 3754 325 3845 ejus
351 3755 514 3835 carmina,
542 3753 639 3844 quasi
666 3754 818 3845 quadam
838 3761 949 3844 peste,
968 3776 1090 3822 eorum
1115 3754 1217 3822 diocia

168 3869 272 3960 plina,
300 3872 358 3961 qui
386 3871 499 3939 verbis
525 3871 718 3960 praedicant
745 3869 851 3951 Daca,
878 3892 916 3939 rc
941 3870 1045 3960 plane
1072 3869 1215 3947 tollunt,

168 3986 248 4064 Qua
274 3986 310 4053 in
337 4008 441 4055 causa
469 3987 505 4054 id
531 3994 606 4054 erat
632 3995 749 4076 caput,
774 3986 849 4054 fieri
878 3985 1046 4076 potuisse,
1072 3994 1114 4054 nt
1142 4008 1212 4058 non

167 4128 230 4170 sua
263 4103 404 4195 penitus
435 4102 548 4192 culpa,
579 4101 640 4171 sed
671 4103 833 4170 amentiae
867 4124 947 4183 suae,
978 4110 1143 4193 peccaret
1177 4103 1213 4170 in

169 4216 264 4299 Deos
291 4218 489 4288 Lucretius.
543 4217 661 4296 Pauca
695 4219 814 4319 itaque
844 4219 1023 4311 disputata
1056 4227 1139 4288 sunt
1171 4219 1214 4288 dc
