2768 4876
163 315 227 384 776
356 315 446 376 Loooa
461 313 573 397 motos
589 310 721 395 ffrtperc
735 307 793 372 sibi
808 306 947 371 domines.
972 329 1068 368 annu.
1080 326 1215 370 xxxvnr.
1234 271 1235 276 ἵ

215 484 298 554 Jam
321 491 442 552 autem
467 480 656 550 formulam
682 489 838 548 nostram
856 479 901 548 de
919 477 1122 546 nominibus
1140 484 1217 566 teu-

165 609 281 669 temus
299 601 335 667 in
354 598 510 667 carmine
527 595 686 688 paullum
704 595 749 664 ab
766 595 821 664 his
838 594 976 664 diverso
990 605 1027 663 ¹¹¹.

450 767 531 821 lluuc
544 767 613 835 legio
625 767 677 819 late
689 765 831 819 comitatur
842 763 967 834 agrestis:

310 855 417 925 Quique
430 855 513 908 altum
527 853 660 906 Praeneste
672 853 730 915 viri,
744 851 842 922 quique
854 867 916 904 arva
928 849 1041 904 Gabinae

308 940 434 1002 lunonis,
447 939 617 1009 gelidumque
629 938 769 1000 Anienem,
782 945 808 990 et
819 935 924 991 roscida
934 936 998 990 rivis

311 1027 427 1080 Hernica
440 1044 503 1080 saxa
515 1027 606 1080 colunt
613 1048 621 1088 ;
640 1043 717 1096 quos,
731 1024 804 1079 dives
816 1024 948 1095 Anagnia,
961 1023 1058 1093 pascis,

309 1113 395 1176 Quos,
408 1113 541 1166 Amasene
554 1111 640 1165 Pater.

168 1258 319 1347 Nullum
338 1258 412 1327 haec
430 1259 616 1351 praecipue,
628 1260 722 1350 quod
741 1259 859 1338 sciam,
873 1256 1040 1327 affectum
1059 1257 1216 1347 sapiunt:

166 1375 226 1444 sed
248 1397 363 1464 neque
377 1372 569 1466 Virgilium
589 1381 686 1442 certo
703 1374 833 1443 scimus
849 1372 918 1442 illis
935 1372 1138 1465 regionibus
1156 1396 1215 1440 uu·

166 1511 272 1580 quam
299 1489 474 1559 adfuisse:
505 1490 734 1580 pertinebunt
755 1489 875 1579 itaque
893 1489 917 1557 ii
935 1510 1055 1557 versus
1072 1489 1117 1557 ad
1136 1487 1218 1557 ulti-

167 1628 266 1673 mum
293 1605 440 1674 fortasse
466 1628 578 1698 genus
604 1627 825 1696 eorumquae
851 1605 1025 1686 diximus3
1052 1604 1114 1673 ubi
1141 1602 1217 1672 loca

169 1721 325 1790 nondum
345 1722 418 1791 visa
435 1721 575 1814 fingunt
592 1721 658 1790 sibi
676 1721 862 1811 scriptores
882 1727 989 1810 atque
1006 1720 1216 1800 deformant,

168 1839 241 1907 sive
267 1838 312 1906 ad
339 1858 421 1905 eum
439 1859 545 1926 quem
567 1837 661 1905 fama
685 1845 912 1927 exceperunt,
929 1835 1126 1916 modulum,
1145 1837 1217 1904 sive

169 1952 213 2021 ad
232 1953 424 2045 imaginem
442 1951 595 2042 aliquam
613 1945 864 2049 intusquoquo
877 1950 983 2019 modo
997 1960 1216 2042 conceptam.

170 2067 315 2136 Etenim
333 2092 415 2137 cum
433 2067 572 2137 tabulas
589 2061 675 2150 illes,
694 2090 780 2159 quas
799 2066 1060 2159 Geographicas
1078 2077 1216 2148 vocant,

168 2184 381 2274 inspicimus,
410 2185 528 2253 nescio
558 2183 735 2274 quomodo
763 2183 1005 2275 excogitamus
1032 2183 1216 2252 nobiscum

169 2300 354 2392 regionum
376 2323 446 2369 non
470 2299 576 2369 modo
595 2300 682 2369 situs
700 2308 737 2368 et
754 2297 948 2379 intervalla,
968 2320 1090 2366 verum
1109 2299 1217 2368 etiam

169 2415 312 2497 colores,
332 2417 551 2498 eminentias,
570 2439 736 2495 recessus,
755 2423 792 2485 et
811 2414 910 2506 siqua
932 2414 1002 2484 alia
1022 2416 1217 2506 pictoribus

168 2540 250 2599 sunt
277 2532 312 2598 in
339 2530 493 2600 deliciis:
521 2540 628 2621 atque
648 2532 684 2598 in
709 2553 751 2600 aa
774 2553 811 2598 re
827 2546 905 2598 ‘non
931 2553 1065 2621 parum,
1085 2531 1217 2621 opinor,

167 2647 322 2735 adjuvari
343 2646 496 2715 solemus
516 2647 624 2716 tacita
643 2655 679 2715 et
697 2670 793 2715 coeca
810 2645 1037 2714 familiarium
1059 2645 1217 2715 locorum

169 2762 422 2831 recordatione.
478 2760 654 2830 Praeterea
680 2764 739 2853 qui
767 2771 874 2830 noctu
902 2763 972 2830 iter
996 2762 1141 2842 faciunt,
1168 2764 1218 2854 ig-

169 2879 261 2945 notis
280 2878 355 2958 viis,
375 2877 453 2945 luce
472 2876 528 2945 vel
548 2876 654 2945 dubia
672 2877 728 2946 vel
748 2877 851 2968 plane
878 2877 983 2959 nulla,
1003 2902 1073 2946 non
1098 2888 1218 2948 tamen

169 3001 308 3061 cessant
327 2992 536 3083 plerumque
555 2993 757 3082 conjectura
780 2994 968 3062 informare
994 2994 1061 3062 sibi
1084 2993 1217 3086 effigies

169 3107 367 3189 fluminum,
387 3107 607 3199 oppidorum,
627 3109 813 3191 montium,
831 3132 918 3199 quos
945 3110 1067 3178 ordine
1093 3132 1131 3178 se
1158 3133 1218 3177 no-

169 3233 251 3293 runt
270 3247 480 3314 percurrere,
496 3225 605 3292 oculis
620 3226 679 3293 vix
698 3232 735 3293 et
752 3247 797 3293 ne
816 3227 876 3293 vix
895 3225 1037 3315 quidem
1056 3236 1216 3293 cernunt.

170 3339 251 3407 Jam
279 3339 322 3407 ab
349 3338 490 3407 illorum
513 3361 617 3407 causa
643 3361 713 3407 non
740 3339 893 3407 multum
920 3340 1042 3408 abesse
1068 3340 1218 3409 dixerim

170 3453 390 3545 voluptatem
404 3477 492 3535 eam,
505 3478 610 3545 quam
624 3456 768 3545 capiunt
783 3456 977 3524 carminum
992 3479 1054 3525 seu
1068 3455 1218 3525 lectores

170 3572 243 3640 sive
270 3572 466 3662 scriptores
485 3573 623 3661 quoties
645 3572 766 3640 ordine
790 3580 872 3640 sunt
897 3573 1116 3641 numeranda
1143 3571 1218 3640 loca

170 3687 268 3755 nullo
286 3711 442 3778 unquam
466 3696 626 3778 tempore
645 3688 755 3756 oculis
779 3688 947 3778 subjecta.
1002 3686 1218 3756 Mutuantur

171 3800 236 3868 sibi
260 3824 381 3890 prore
405 3810 488 3870 nata
506 3802 655 3871 formam
673 3803 870 3892 faciemque
897 3803 941 3871 ab
965 3803 1091 3871 amatis
1110 3803 1216 3871 notis-

171 3939 239 4004 que
265 3917 485 4007 regiouibus;
517 3920 680 4008 varieque
707 3920 960 4009 componendo,
988 3926 1116 4009 putant
1144 3941 1215 3988 sese

171 4054 297 4101 novam
316 4031 468 4122 aliquam
488 4035 639 4124 speciem
659 4035 834 4128 effingere.
873 4034 968 4103 Hinc
987 4034 1049 4104 illa
1067 4037 1110 4104 de
1130 4034 1213 4111 Diis,

587 4314 689 4365 mAEn.
705 4325 728 4382 7.
743 4312 803 4365 681.
