2768 4876
168 342 255 385 rann.
268 343 384 385 xxxnr.
434 320 603 406 Virpilicm
618 321 786 383 communia
800 320 1004 405 totamm:
1146 319 1212 392 669

166 495 223 566 Ne
253 496 398 567 verbum
431 497 575 588 quidem
609 496 762 577 additur,
793 496 886 586 quod
919 496 1209 588 significationem

164 611 292 681 habeat
315 611 425 682 ullam
443 612 639 702 quotidiani
666 611 771 702 hujus
796 619 968 681 terramm
987 611 1137 702 caelique
1159 635 1213 680 as-

163 737 298 819 pectus,
316 751 422 818 quem
448 737 486 797 et
509 736 639 796 norunt
660 735 698 795 et
724 735 845 795 amant
866 749 1010 796 omnes:
1037 727 1102 795 nisi
1121 727 1213 797 forte

164 842 332 913 credibile
349 844 519 924 videatur,
538 840 718 923 Ovidium,
736 864 819 910 cum
841 843 945 911 istam
967 853 1109 910 caneret
1132 866 1214 912 can-

165 955 322 1036 tilenam,
336 955 466 1024 mentis
479 954 590 1024 oculis
607 957 823 1024 matutinum
839 957 967 1026 vidisse
980 956 1118 1038 caelum,
1131 981 1212 1027 cum

164 1073 278 1141 aureis
299 1073 371 1140 suis
396 1071 641 1162 splendoribus
658 1081 767 1163 atque
784 1073 906 1164 igneis.
958 1072 1123 1143 Profecto
1141 1074 1214 1143 tale

164 1187 297 1279 aliquid
328 1210 398 1255 non
426 1170 567 1278 prorsus
593 1187 715 1278 inepte
741 1187 894 1257 declarat
925 1187 1128 1258 sublimium
1156 1213 1214 1258 co·

166 1302 364 1373 lumnarum
399 1304 545 1383 mentm,
581 1304 709 1395 insigni
745 1303 893 1395 fulgore,
925 1304 1131 1373 habentium
1167 1328 1213 1373 ex

164 1427 315 1510 utraque
342 1429 442 1509 parte
468 1420 566 1509 quasi
592 1419 685 1488 fores
712 1428 863 1510 apertas,
888 1420 1134 1489 candidissimo
1161 1444 1213 1489 ar-

164 1544 284 1628 gento,
318 1556 470 1626 superne
503 1543 624 1603 autem
659 1557 895 1603 mamroreum
926 1536 981 1604 vel
1019 1537 1213 1605 eburneum

166 1650 305 1721 athera.
359 1649 509 1729 Deinde,
532 1651 626 1740 quod
652 1650 725 1719 illic
751 1650 864 1721 caelari
893 1652 994 1744 fingit
1013 1651 1126 1721 Poeta
1151 1675 1217 1720 cae-

166 1765 251 1847 lum,
269 1787 378 1847 mare,
397 1773 516 1846 terras,
534 1787 617 1834 cum
643 1765 765 1835 formis
793 1765 1051 1857 Nympharum,
1069 1776 1217 1836 oaetero-

166 1903 233 1971 que
261 1881 414 1950 universi
444 1881 549 1972 hujus
579 1881 714 1962 mundi,
740 1904 847 1972 quem
876 1882 986 1951 oculis
1016 1883 1216 1973 aspicimus,

166 1997 424 2078 instrumento;
454 1996 567 2065 voluit
594 1996 742 2066 fortasse
767 2019 831 2087 per
854 1997 1020 2090 ambages
1046 1998 1215 2088 quasdam

167 2125 360 2183 monstrare
372 2113 556 2183 mirificam
570 2111 668 2182 illam
682 2113 873 2183 formarum
885 2114 1214 2204 varietatem‚quam

167 2229 201 2297 in
222 2229 379 2299 nubibus
402 2229 594 2321 praesertim
613 2228 798 2298 matutinis
816 2227 871 2297 vel
890 2251 1033 2297 cernere
1051 2228 1141 2297 solet
1159 2228 1215 2297 vel

166 2344 299 2438 lingere
325 2343 447 2415 oculus
473 2343 592 2436 paullo
618 2346 654 2413 in
679 2345 852 2435 ejusmodi
876 2344 954 2414 lusu
979 2346 1216 2414 exercitatior.

167 2461 301 2533 Durior
322 2462 476 2533 fortassis
499 2463 765 2554 interpretatio;
792 2463 853 2531 sed
875 2462 1119 2540 concedamus,
1137 2483 1216 2530 eam

167 2577 274 2648 fuisse
305 2586 461 2647 mentem
490 2576 631 2646 Poetae:
661 2584 699 2645 at
726 2575 884 2643 nondum
910 2584 1029 2643 tamen
1055 2573 1215 2653 efficitur,

167 2692 294 2763 cadere
318 2693 355 2761 in
381 2692 468 2762 illud
493 2715 636 2762 carmen
653 2714 732 2761 eam
751 2713 855 2782 quam
878 2713 941 2759 nos
967 2690 1034 2759 hoc
1057 2699 1220 2780 tempore

168 2810 357 2879 statuimus
387 2807 587 2879 formulam.
644 2807 780 2877 Debuit
810 2808 905 2876 enim
937 2807 1100 2874 excidere
1135 2806 1218 2873 scri-

168 2924 267 2994 benti
291 2925 460 2994 indicium
485 2933 583 2994 certe
606 2923 759 3015 aliquod,
776 2923 884 2992 breve
904 2920 1064 3012 quamvis
1085 2929 1122 2988 et
1143 2922 1219 2989 exi-

168 3063 290 3133 guum,
317 3041 411 3131 quod
435 3063 478 3109 eo
508 3050 628 3131 posset
655 3061 819 3109 revocare
846 3037 1042 3131 legentium
1071 3038 1219 3106 animos.

169 3155 240 3226 Sed
267 3155 355 3224 nihil
373 3155 444 3225 tale
462 3155 625 3239 habetur,
641 3179 687 3226 ne
704 3154 886 3225 tantillum
904 3153 1059 3245 quidem.
1100 3151 1220 3235 Quare

167 3273 218 3342 ita
238 3271 528 3352 laudanduserit,
548 3274 667 3364 utqui
693 3271 840 3340 mirifica
863 3279 900 3340 et
926 3293 1003 3339 rara
1028 3269 1219 3361 ingeniose,

168 3410 238 3457 non
256 3388 375 3478 utqui
401 3396 503 3457 notas
527 3411 694 3479 carasque
715 3411 770 3456 res
789 3409 870 3456 cum
896 3408 1016 3454 amore
1033 3393 1071 3454 et
1088 3384 1217 3454 affectu

168 3503 348 3573 cecinerit.

217 3618 451 3689 Conferamus
461 3621 535 3710 jam
556 3643 637 3690 oum
656 3620 710 3689 his
728 3615 964 3712 Virgiliana‘l.

311 3753 382 3816 Duc,
394 3771 453 3824 age,
466 3754 520 3809 duc
531 3754 564 3808 ad
578 3772 643 3809 nos:
662 3754 703 3808 fas
715 3754 754 3808 illi
764 3755 857 3808 limina
869 3754 971 3808 Divum

308 3840 438 3910 Tangere,
451 3841 496 3895 ait.
534 3841 622 3895 Simul
633 3843 686 3894 alta
693 3841 771 3911 jubet
784 3840 917 3896 discedere
929 3843 981 3894 late

311 3924 442 3991 Flumina,
454 3946 506 3999 qua
515 3927 621 3998 juvenis
634 3944 743 3998 gressus
756 3927 863 3979 inferret
875 3946 881 3979 z
901 3935 928 3978 at
940 3926 1016 3979 illum

310 4011 426 4067 Curvata
438 4015 466 4068 in
478 4015 577 4068 montis
590 4014 683 4067 faciem
697 4013 870 4067 circumstetit
883 4011 964 4074 unda,

310 4097 473 4170 Accepitque
486 4101 547 4154 sinu
560 4108 644 4161 vasto,
655 4099 781 4171 misitque
793 4097 844 4152 sub
856 4116 971 4151 amnem.

310 4182 425 4255 Jamque
438 4184 548 4240 domum
561 4186 660 4240 mirans
672 4185 815 4256 genitricis,
827 4193 853 4237 et
864 4183 976 4237 humida
988 4201 1080 4253 regna,

577 4337 592 4374 ἃ
607 4339 699 4406 Georp.
713 4358 738 4404 4.
752 4339 814 4407 358.
