2768 4876
161 326 226 392 744
276 320 441 408 Virgilium
454 318 621 383 eolortmam
636 336 799 380 sonnonem
812 315 951 380 imitati:
984 335 1212 377 rasnxxxvu.

164 499 277 568 voluit
295 518 449 588 unquam
468 493 664 587 significare
681 491 717 561 id
735 498 875 582 tempus
895 511 1004 581 apum
1030 505 1213 556 murmure

163 615 208 683 de
225 635 340 682 messe
358 612 482 680 diurna
499 601 798 678 decedentiumdt

303 772 406 842 Vesper
417 769 465 824 ubi
477 787 491 823 e
504 777 582 839 pastu
594 767 701 822 taudem
713 765 838 821 decedere
850 765 950 834 campis

302 857 460 921 Admonuit,
472 866 532 910 tum
543 864 613 910 tecta
624 863 728 924 petunt,
740 861 799 907 tum
812 868 923 922 corpora
934 856 1045 904 nuent:

304 946 346 1000 Fit
357 945 470 1006 sonitus,
482 950 657 1013 mussantque
668 958 728 994 oras
740 948 767 994 et
777 939 870 993 limina
881 938 991 992 circum.

306 1033 380 1096 Post,
392 1031 440 1086 ubi
449 1031 505 1102 jam
516 1028 639 1082 thalamis
652 1046 680 1082 se
692 1043 874 1098 composuere,
887 1025 980 1080 siletur

306 1117 340 1172 lu
351 1124 466 1176 nostem,
476 1114 613 1184 fessosque
623 1129 703 1183 sopor
715 1130 781 1167 suus
793 1120 907 1182 occupat
918 1118 1001 1164 artus.
1016 1177 1019 1180 Ι

218 1255 366 1325 Possum
397 1254 511 1323 multa
538 1252 677 1334 addere,
699 1274 848 1342 quorum
875 1249 1000 1320 eadem
1024 1247 1138 1317 ferme
1161 1253 1214 1316 est

167 1373 266 1444 ratio.
306 1370 419 1441 Velut
438 1368 498 1438 ubi
517 1366 757 1437 stomachatur
770 1364 1041 1456 quodammodo,
1060 1361 1215 1431 referens

166 1508 209 1554 11
226 1508 303 1577 quae
320 1484 479 1576 frugibus
496 1482 619 1553 obesse
637 1479 773 1551 soleant
784 1489 808 1548 θ.

307 1635 334 1689 N
334 1653 364 1689 ec
376 1643 474 1698 tamen,
484 1635 541 1688 haeo
553 1652 617 1688 oum
629 1635 683 1688 siut
694 1634 888 1706 hominumque
898 1632 1035 1704 boumque
1046 1629 1154 1685 labores

307 1721 446 1775 Verssudo
457 1729 555 1774 terram
566 1722 675 1792 experti,
687 1720 755 1774 nihil
766 1719 905 1790 improbus
916 1736 1002 1782 anser,

310 1808 522 1879 Strymoniaeque
533 1825 623 1878 grues,
636 1817 662 1862 et
674 1808 770 1862 amaris
782 1807 875 1879 intyba
885 1805 968 1869 fibris,

309 1893 447 1957 Officiuut,
460 1902 506 1948 aut
517 1893 614 1948 umbra
625 1903 711 1949 uocet.

171 2032 241 2104 Vel
259 2053 339 2123 quae
357 2041 436 2123 post
453 2031 572 2124 paullo
590 2042 809 2124 sequuntur:

451 2176 590 2231 Intereunt
602 2186 719 2248 segetes,
739 2177 812 2232 subit
823 2195 916 2248 aspero
927 2178 1010 2248 sylva,

311 2263 461 2333 lappaeque
473 2263 632 2334 tribulique:
652 2263 773 2335 interque
785 2263 896 2318 nitentia
906 2263 978 2317 culta

312 2348 406 2402 Infelix
418 2349 512 2403 lolium
523 2358 549 2403 et
562 2351 662 2404 steriles
675 2349 848 2404 dominantur
859 2367 957 2404 arenae⁴

171 2487 313 2583 Syloam
329 2490 423 2579 quod
440 2487 596 2580 appellat
609 2488 732 2559 vilium
753 2489 941 2559 herbarum
959 2488 1111 2571 turbam,
1125 2489 1218 2580 quod

172 2606 279 2674 etiam
297 2605 333 2672 in
351 2605 483 2695 campis
499 2603 675 2674 dominari
691 2605 751 2686 ait,
763 2605 846 2696 ipsis
863 2605 916 2673 uti
934 2604 1074 2673 videtur
1092 2607 1218 2687 verbis,

173 2744 250 2811 quae
267 2720 360 2790 ultro
379 2732 528 2789 ventura
549 2729 649 2790 111111
666 2722 701 2790 in
720 2729 877 2790 mentem
896 2718 1030 2802 colono,
1049 2722 1219 2792 cumillis

173 2835 331 2926 pestibus
348 2844 507 2904 cerneret
525 2835 606 2904 anni
624 2859 722 2928 spem
740 2837 899 2927 opprimi.

226 2948 408 3028 Praeterea,
427 2950 521 3039 quod
538 2950 696 3040 pluribus
718 2954 756 3019 iu
780 2950 867 3020 loois
884 2973 945 3020 seu
961 2951 1129 3043 grandius
1147 2952 1219 3021 sive

175 3065 360 3133 demissius
386 3063 549 3153 loquitur,
572 3087 678 3154 quam
704 3088 766 3156 pro
793 3087 909 3134 rerum
931 3066 1083 3156 ipsarum
1109 3066 1220 3159 digni-

176 3189 262 3263 tate,
298 3180 373 3248 fieri
409 3178 616 3249 crediderim
651 3204 722 3249 uon
756 3180 916 3272 simplici,
947 3204 1052 3271 quam
1080 3191 1220 3265 vocant,

176 3294 335 3389 εἰρωνεῖᾳ;
361 3296 445 3385 quin
473 3295 591 3385 potius
615 3296 871 3366 accommodari
899 3319 942 3365 ea
964 3297 1009 3365 ad
1033 3298 1220 3367 veritatem

111 3404 113 3409 ’
176 3411 366 3501 agrestium
386 3432 596 3492 sermonum,
613 3434 679 3481 neo
697 3412 771 3480 sine
789 3411 909 3480 dedita
932 3433 1038 3503 opera
1055 3411 1139 3480 dare
1160 3434 1220 3481 an-

177 3526 321 3616 cipitem
339 3527 514 3615 quendam
541 3549 686 3597 sonum:
715 3551 795 3596 oum
814 3528 965 3596 nesciret
982 3528 1129 3597 fortasse
1147 3528 1221 3618 ipse

159 3640 361 3734 Virgilius,
388 3641 537 3710 lectores
567 3650 663 3712 oerte
688 3645 822 3712 nescire
847 3643 964 3724 vellet,
986 3653 1094 3736 quota
1122 3654 1222 3735 parte

179 3757 341 3826 oanninis
364 3756 534 3846 ejusmodi
563 3757 696 3839 luserit,
721 3767 829 3850 quota
853 3782 934 3828 oum
962 3759 1158 3851 agrestibus
1186 3782 1222 3828 11

180 3896 220 3943 11
260 3873 408 3941 veritate
446 3875 602 3943 senserit.
668 3875 885 3944 Crediderim
923 3875 1094 3965 profecto,
1134 3876 1223 3944 siout

179 3987 278 4056 aiunt
301 3983 579 4053 laudatissimum
602 3987 703 4057 illum
725 3989 924 4080 Hispanum
951 3990 1058 4059 serias
1080 3991 1222 4059 omnino

166 4123 235 4168 111
258 4122 373 4190 agere,
392 4108 468 4166 111111
491 4124 571 4169 oum
590 4107 744 4172 maxime
763 4105 902 4173 videtur
927 4104 1072 4172 irridere
1090 4104 1223 4174 somnia

294 4309 411 4377 ἀ61119.
425 4329 450 4375 4.
467 4311 524 4363 186.
879 4313 969 4366 eltid.
986 4331 1008 4365 1.
1024 4315 1083 4367 118.
