2768 4876
192 348 406 393 nauxxxm.
424 330 495 392 bem
508 327 768 404 cmmbamrc‘at,
779 329 930 414 Analecta
944 329 1078 414 quodam
1093 331 1150 393 cri.
1173 326 1237 394 665

186 501 324 593 jusque,
342 525 405 593 pro
428 505 498 571 situ
526 502 693 581 locorum,
715 523 778 592 pro
801 502 1019 570 fortunarum
1045 509 1238 582 tenorent

191 617 232 685 ad
266 618 380 687 imum
411 627 533 688 tamen
567 626 727 686 servetur
759 616 849 685 mira
882 614 1045 706 quaedam
1080 617 1236 684 omnium

191 732 396 802 similitudo.
437 732 579 824 Exque
596 731 757 813 efficitur,
775 740 971 801 monstrato
988 732 1071 821 quid
1090 733 1238 822 quisque

191 849 313 940 egerit,
334 872 405 918 non
429 849 616 918 obscurum
639 849 714 917 fore
735 849 818 939 quid
845 848 940 917 idem
967 856 1060 916 esset
1085 857 1237 927 acturus,

191 974 329 1036 mutata
345 963 480 1034 scilicet
497 965 634 1033 ratione
654 986 771 1033 rerum
795 986 837 1032 ac
861 973 1072 1054 temporum.
1125 963 1237 1035 Verbi

190 1081 312 1169 gratia,
339 1102 444 1149 nemo
470 1080 630 1150 omnium
656 1078 722 1148 hac
748 1080 918 1149 memoria
942 1078 1131 1148 Poetarum
1159 1103 1238 1170 pro-

187 1197 265 1282 pius
283 1196 406 1288 tetigit
422 1193 570 1264 affectus
587 1194 782 1276 bominum,
794 1216 899 1285 quam
918 1194 985 1264 llle
999 1195 1059 1285 qui
1070 1194 1237 1266 Thalabae

184 1311 319 1380 cecinit
343 1312 544 1402 pueritiam,
570 1331 713 1392 errores,
738 1312 957 1402 redemptam
989 1319 1103 1380 morte
1130 1313 1238 1382 victo-

178 1426 286 1496 riam.
339 1424 454 1516 Atqui
477 1426 507 1495 is
533 1436 588 1496 est
611 1427 785 1497 universae
808 1427 883 1517 ejus
909 1426 1039 1496 fabulae
1066 1436 1178 1508 tenor,
1197 1438 1238 1497 ut

175 1543 295 1612 verbo
314 1553 418 1610 tenus
435 1543 662 1611 commendet
679 1540 815 1611 scilicet
831 1541 1023 1610 'furcarum
1041 1542 1236 1635 religiones,

168 1668 216 1727 et
234 1656 471 1726 Mahumedis
488 1666 665 1747 portenta.
702 1656 844 1725 Placuit
861 1665 980 1726 tamen
999 1657 1133 1738 eadem,
1148 1680 1239 1726 sem-

165 1793 331 1863 perque,
344 1780 386 1841 ut
404 1773 536 1863 opinor,
552 1771 717 1864 placebit,
730 1773 773 1840 iis
786 1772 904 1852 etiam,
917 1774 975 1862 qui
995 1775 1098 1842 unice
1115 1772 1238 1842 colunt

162 1892 283 1980 ,piam
316 1899 519 1978 castamque
547 1889 753 1957 veritatem:
792 1888 957 1969 maxime,
985 1891 1022 1957 ni
1052 1889 1163 1969 fallor,
1192 1892 1238 1960 ob
1275 1915 1277 1919 ·

163 2007 334 2076 tacitam
349 2005 535 2095 quandam,
549 2013 590 2072 ut
607 2005 659 2074 ita
671 2005 799 2086 dicam,
811 2007 1119 2096 comparationem,
1131 2030 1237 2097 quam

163 2141 288 2190 mens
306 2118 401 2188 ultro
417 2120 483 2188 sibi
502 2120 592 2188 solet
608 2121 806 2189 instituere.
860 2119 957 2188 Dum
982 2121 1142 2214 legimus,
1160 2143 1238 2190 sen-

167 2237 298 2306 timus
323 2234 500 2316 videlicet,
517 2236 576 2327 qui
605 2236 672 2304 hoc
698 2234 805 2304 illove
830 2237 936 2305 modo
960 2237 1067 2304 fuerit
1090 2235 1237 2305 affectus

167 2352 217 2422 in
245 2334 502 2421 commentitiis
528 2350 597 2422 illis
623 2336 737 2433 sacris,
757 2375 826 2443 quo
852 2353 971 2421 animo
989 2352 1128 2420 futurus
1145 2360 1237 2420 esset

170 2468 295 2546 idem,
322 2473 508 2556 postquam
536 2463 645 2535 semel
674 2463 822 2533 solidam
845 2487 886 2534 ac
912 2487 1036 2555 puram
1065 2465 1236 2555 pietatem

172 2581 394 2676 gustaverit
445 2579 563 2649 Immo
581 2603 651 2648 non
672 2580 742 2650 alia
759 2579 870 2648 ferme
896 2578 975 2671 lege
1002 2578 1143 2670 placent
1171 2580 1236 2649 sibi

172 2696 294 2766 bodie
320 2695 369 2786 pii
394 2695 577 2785 sanctique
597 2695 658 2763 viri
678 2704 836 2764 veterum
858 2694 1048 2764 Poetarum
1072 2694 1237 2778 lectione,

175 2833 296 2903 quam
317 2817 359 2878 ut
380 2808 486 2878 liceat
507 2809 560 2878 uti
582 2811 810 2878 conversione
831 2808 982 2898 quadam
1009 2809 1128 2891 tacita,
1146 2832 1239 2899 quae-

176 2948 257 3019 quc
283 2926 376 3016 apud
395 2924 595 2995 Homerum
617 2925 764 2994 fortasse
782 2923 838 2993 vel
857 2924 1049 2993 Pindarum
1072 2925 1240 2994 dicuntur

178 3043 222 3111 iu
250 3040 394 3111 laudem
417 3041 653 3110 commentitii
675 3039 785 3121 Jovis,
809 3062 851 3108 ea
876 3040 925 3108 sic
951 3041 1120 3131 accipere,
1139 3042 1236 3131 quasi

177 3156 259 3225 sint
286 3155 467 3224 obscurius
493 3156 588 3224 dicta
613 3156 658 3224 de
682 3154 727 3224 D.
747 3153 791 3225 O.
811 3154 867 3222 M.
887 3155 932 3223 de
949 3155 1121 3223 vaticiniis
1140 3153 1237 3245 Ejus,

183 3291 343 3360 veroque
373 3270 552 3340 sacrificio.
606 3270 711 3339 Adeo
741 3271 907 3359 utrinque
935 3267 1130 3338 consulitur
1159 3269 1239 3338 reli-

180 3385 286 3478 gioso
312 3385 461 3476 pudori;
489 3387 577 3454 vitat
595 3384 715 3454 oculos
731 3406 899 3478 germana
919 3383 1047 3463 Pietas,
1066 3393 1103 3454 et
1121 3384 1237 3454 lucem

183 3501 375 3581 forensem,
393 3498 602 3591 velaturque
625 3523 687 3590 pro
712 3521 749 3568 re
773 3520 814 3567 ac
838 3508 1010 3590 tempore,
1027 3523 1121 3569 nunc
1143 3510 1237 3570 vete-

185 3638 266 3684 rum
283 3614 471 3684 Graiorum
497 3625 677 3708 apparatu,
702 3638 796 3684 nunc
819 3637 951 3696 eorum,
970 3616 1029 3704 qui
1053 3615 1108 3685 vel
1132 3616 1236 3687 hodie

186 3738 372 3799 versantur
388 3731 425 3798 iu
443 3754 569 3800 errore.

238 3843 310 3914 Sed
337 3844 497 3913 infinitus
525 3867 647 3927 essem,
676 3848 702 3914 si
729 3848 847 3914 omnia
870 3845 1073 3937 proferrem,
1097 3869 1178 3936 quae
1201 3849 1238 3916 iu

187 3963 253 4033 bac
284 3985 390 4032 causa
419 3964 488 4032 dici
523 3973 676 4055 possent.
733 3963 828 4031 Nam
858 3985 970 4054 genus
1003 3962 1039 4030 id
1070 3962 1238 4033 latissime

188 4086 300 4168 patet,
316 4100 432 4168 neque
449 4079 485 4147 iu
504 4078 586 4148 solis
603 4077 804 4146 dominatur
822 4077 1044 4157 carminibus,
1061 4098 1183 4146 verum
1202 4080 1237 4147 in

189 4192 352 4261 omnibus
372 4214 514 4282 quoque
537 4191 680 4269 deliciis,
698 4215 779 4281 quae
805 4192 848 4260 ad
876 4192 1135 4260 humanitatem
1162 4215 1239 4284 per-

190 4307 315 4376 tinent.
369 4305 547 4389 Quorsum
573 4305 670 4388 illud,
695 4306 741 4398 (e.
759 4311 809 4399 g.)
828 4307 921 4397 quod
949 4315 1109 4375 veterum
1135 4307 1239 4378 vem-
