2768 4876
166 339 351 385 raanxxxr.
379 321 445 384 0111·
457 342 495 385 aa
507 322 635 406 sepiar,
644 343 713 406 qaae
727 322 762 385 ia
776 343 871 386 11111111
883 323 957 400 siat,
967 344 1123 387 canamus.
1150 321 1217 392 629

164 491 314 580 quadam
336 500 373 560 et
397 493 518 560 ordine
541 514 605 583 per
628 500 745 584 partes
770 514 850 562 suas
875 500 913 561 et
930 493 1028 582 quasi
1054 492 1215 565 membra

163 605 366 688 adolevisse,
383 614 425 675 ut
446 607 497 675 ita
513 607 641 689 dicam,
660 607 864 677 Graeoorum
883 606 1033 688 Poesin3
1060 629 1103 675 11
1120 606 1211 700 lege,

164 727 201 787 ut
231 721 330 810 prius
355 722 507 813 viguerit
535 720 768 791 Homericum
798 729 836 790 et
871 729 1056 790 actuosum
1090 744 1214 815 genus,

163 856 269 924 quam
291 836 329 917 ii,
347 837 407 925 qui
432 858 513 905 cum
533 834 686 928 Virgilio
706 835 944 926 Lucretioque
970 857 1046 904 sese
1072 857 1215 927 recepe·

163 957 244 1018 runt
270 950 310 1017 in
334 949 424 1018 mris
444 973 486 1019 ac
505 949 657 1021 Naturae
675 950 836 1032 latebras,
855 950 936 1018 fessi
955 948 1122 1018 videlicet
1139 951 1214 1020 sive

163 1065 254 1133 curis
280 1064 466 1133 hominurn
483 1087 545 1134 sen
563 1088 655 1134 vano
670 1065 832 1134 'veritatis
857 1064 986 1134 studio.
1039 1063 1082 1132 Id
1108 1087 1211 1155 porro

162 1199 232 1247 non
251 1179 400 1247 fortuito
418 1195 494 1249 esse
510 1180 656 1260 factum,
674 1180 736 1248 sed
754 1179 811 1247 via
827 1179 980 1270 quadam
1003 1186 1041 1253 11
1064 1179 1212 1260 ratione,

163 1314 329 1361 concesso
346 1292 481 1362 scilicet
500 1294 602 1386 aegris
619 1292 826 1362 mortalibus
844 1315 887 1362 eo
904 1314 1051 1362 munere
1068 1291 1212 1383 benigni

165 1404 345 1488 Numinis,
371 1416 413 1474 ut
448 1413 612 1476 extarent
644 1406 790 1476 tandem
824 1405 1033 1496 Scriptores,
1063 1427 1212 1496 quorum

164 1543 229 1612 ope
254 1521 382 1589 melius
408 1521 610 1590 fruerentur
635 1543 762 1590 arcano
782 1519 844 1589 illo
864 1521 961 1610 quasi
988 1519 1124 1600 solatio,
1142 1542 1213 1610 quo

164 1635 267 1725 plena
292 1657 334 1704 ae
359 1636 518 1705 conferta
542 1644 626 1705 sunt
652 1635 731 1703 haec
754 1635 882 1715 omnia,
900 1657 980 1725 quae
1006 1633 1116 1709 oculis
1141 1657 1217 1704 cer-

164 1750 289 1818 nimus.

210 1865 404 1934 Rationem
433 1874 554 1935 autem
588 1864 680 1934 hanc
713 1873 871 1934 nostram
904 1863 1066 1956 intelligo
1097 1885 1143 1931 ex
1172 1885 1215 1932 ea

163 1984 262 2066 parte
279 1978 437 2046 maxime
455 1977 625 2059 laborare,
641 2000 712 2066 qua
729 1977 900 2058 dicebam,
920 1977 1098 2046 veteribus
1117 1975 1213 2045 Grae-

163 2091 208 2161 cis
228 2091 266 2160 id
289 2091 437 2160 fortasse
461 2093 498 2159 in
523 2113 629 2162 causa
646 2091 763 2173 lirisse,
780 2115 844 2161 cur
861 2089 976 2174 Poesi,
993 2113 1075 2182 qnae
1092 2091 1136 2160 ad
1155 2112 1215 2159 ms

159 2205 366 2293 pertineret,
392 2214 563 2288 carerent,
588 2207 683 2296 quod
711 2205 777 2296 ipsi
805 2226 886 2273 rure
911 2227 952 2274 ac
980 2204 1129 2274 Naturae
1154 2205 1215 2274 de·

158 2314 251 2389 liciis
272 2317 371 2388 nullo
398 2341 470 2388 non
495 2327 658 2410 tempore
681 2319 749 2387 frui
767 2326 805 2387 et
822 2319 873 2387 uti
901 2326 1078 2409 poterant.
1128 2318 1212 2387 Jam

153 2435 256 2504 enim
281 2434 377 2503 dicat
402 2433 538 2524 aliquis,
557 2433 767 2503 “Novimus
789 2434 856 2524 ipsi
879 2442 986 2514 vates,
1005 2440 1043 2502 et
1064 2432 1214 2502 eximios

151 2549 319 2640 quidem,
336 2548 463 2638 quibus
488 2549 682 2639 agrestium
707 2547 832 2616 harum
856 2546 1081 2638 voluptatum
1099 2548 1216 2637 quoti-

149 2663 288 2732 dianus
317 2672 355 2729 et
385 2662 583 2730 communis
613 2684 697 2731 usus
727 2662 815 2730 adeo
849 2683 921 2729 non
952 2661 1109 2741 suaserit,
1142 2661 1214 2730 1111

147 2795 264 2868 posse
277 2775 353 2844 sine
365 2775 520 2855 Poetica
533 2786 575 2844 nt
589 2797 694 2844 omne
711 2776 853 2866 penitus
871 2798 985 2844 aevum
1000 2773 1213 2844 carminibus

148 2890 194 2959 id
222 2911 337 2981 genus
362 2889 545 2959 cantandis
569 2889 759 2958 insumant.
812 2889 884 2970 Qui
910 2890 1024 2980 ergo,”
1040 2889 1214 2979 inquient,

147 3012 177 3044 ‘⁴
190 3004 273 3074 fieri
316 3003 444 3093 potuit,
479 3010 520 3070 ut
558 3011 696 3073 veteres
735 3001 888 3082 silerent,
927 3003 1054 3071 eodem
1092 3025 1213 3072 amore

146 3111 309 3210 'captiv

209 3231 323 3314 Quasi
340 3233 627 3321 veroquisquam
648 3230 725 3300 fieri
750 3253 852 3322 posse
875 3237 993 3322 neget,
1011 3240 1052 3298 ut
1076 3230 1114 3298 in
1139 3252 1215 3298 me-

150 3347 230 3416 diis
246 3367 387 3436 quoque
405 3345 538 3416 deliciis
559 3353 687 3437 egeant
710 3353 818 3436 atque
845 3352 1020 3436 angantur
1041 3343 1214 3412 homines.

154 3460 251 3531 Non
269 3460 365 3528 enim
382 3460 541 3529 absentia
562 3459 668 3527 modo
686 3460 737 3527 rei
753 3467 879 3527 amatae
897 3457 1030 3526 turbari
1048 3457 1213 3536 solemus,

154 3595 287 3644 verum
315 3573 435 3655 etiam,
458 3572 648 3642 maximam
681 3580 828 3663 partem,
856 3570 1055 3639 laboramus
1085 3569 1213 3637 acerbo

154 3691 317 3782 quodam
337 3687 592 3758 imbecillitatis
617 3696 744 3755 nostrae
768 3707 884 3766 sensu,
906 3707 975 3775 quo
1001 3684 1052 3763 fit,
1075 3691 1116 3751 nt
1143 3684 1214 3752 suis

156 3806 238 3896 ipse
256 3801 391 3872 deliciis
416 3800 530 3892 impar
554 3800 682 3870 evadat
707 3801 856 3880 animus,
875 3809 912 3867 et
930 3797 1027 3887 quasi
1052 3817 1214 3864 succum-

157 3917 236 3986 bat.
293 3914 453 4007 Ecquem
480 3938 562 3983 vero
589 3922 748 3984 nostrum
779 3935 851 3981 non
880 3911 1068 4001 aliquando
1094 3909 1215 3999 tetigit

159 4029 291 4100 amaris
308 4030 406 4120 quasi
424 4029 575 4098 stimulis
601 4026 815 4097 admirabilis
839 4026 898 4095 hio
923 4033 1096 4093 terrarum
1121 4021 1215 4090 caeli-

161 4165 234 4234 que
259 4141 447 4233 aspectus?
473 4144 612 4233 quoties
636 4141 803 4211 videlicet
828 4139 939 4210 oculis
965 4144 1125 4208 cerneret
1150 4135 1214 4205 ali·

163 4256 253 4344 quis,
271 4254 507 4345 pulcherrime
529 4254 622 4324 inter
638 4276 676 4322 se
693 4254 843 4334 misceri,
862 4275 951 4344 vago
972 4250 1033 4320 illo
1050 4252 1112 4320 sed
1129 4272 1213 4319 vero
