2768 4876
165 278 229 344 392
330 275 459 340 Orestem
467 277 615 361 ploraque
628 285 662 340 oi
678 275 867 342 Sacerdotem
878 295 988 362 qcrcra
1032 297 1126 338 rann.
1140 298 1207 338 xxr.

166 447 302 517 Orestis
336 446 470 516 solenni
499 468 540 515 ac
570 445 731 538 legitima
757 468 882 538 prece:
918 467 1001 517 nam
1032 445 1209 537 precantis

165 562 276 631 ferme
293 569 376 639 sunt
394 555 532 642 verbef3

374 719 464 774 ’ίδεσθε
475 721 561 794 χώρας
572 719 617 787 τὴν
629 720 722 788 διπλῆν
733 717 878 789 τυραννίδα,

374 807 562 874 πατροκτόνους
573 826 601 858 τε
613 805 735 872 δωμάτων
746 804 918 874 πορθητόρας.
928 843 935 859 .
946 843 970 864 .,

374 889 464 952 ἴδεσθε
476 889 498 943 δ’
511 888 580 954 οὔτε,
593 888 666 944 τῶνδ’
679 887 781 957 ἐπήκοοι
796 894 886 951 κακῶν,

375 976 405 1031 τὸ
417 974 561 1043 μηχάνημα,
574 974 672 1041 δεσμὸν
684 973 766 1044 ἀθλίῳ
778 972 864 1043 πατρί·

377 1097 383 1112 .
394 1097 400 1113 .
413 1058 610 1130 ..στέγαστρον
621 1058 714 1127 ἀνδρὸς
725 1057 831 1125 δείξαά,
843 1058 878 1112 ὧς
888 1055 930 1124 ’ίδῃ
942 1059 1037 1125 πατήρ,

375 1144 425 1212 οὐχ
437 1142 522 1212 οὕμός,
536 1143 594 1196 ἀλλ’
608 1146 622 1196 ὁ
634 1142 707 1197 πάντ’
721 1141 868 1197 ἐποπτεύων
879 1142 941 1196 τάδε

369 1225 474 1292 Ἥλιος,
486 1227 582 1299 ἄναγνα
593 1229 689 1298 μητρὸς
701 1229 765 1298 ἔργα
777 1231 821 1296 τῆς
834 1228 903 1296 ἐμῆς·

374 1314 409 1368 ὣς
420 1310 451 1367 ἂν
462 1317 531 1383 παρῇ
543 1335 588 1381 μοι
599 1314 696 1382 μάρτυς
708 1314 736 1366 ἒν
748 1313 803 1381 δίκῃ
815 1312 888 1376 ποτέ,

375 1399 410 1455 ὣς
421 1397 488 1453 τόνδ’
501 1398 552 1468 ἐγὼ
563 1398 691 1467 μετῆλθον
703 1397 806 1454 ἐνδίκως
817 1399 906 1467 μόρον.

166 1541 254 1623 Quis
279 1563 352 1609 non
376 1541 483 1621 ridet,
504 1563 580 1609 rem
606 1563 748 1610 ornnem
774 1541 819 1610 de
845 1540 1016 1610 industria
1040 1541 1091 1610 ita
1116 1563 1213 1610 com-

165 1657 290 1746 parari,
315 1664 357 1725 ut
385 1655 510 1726 infelix
538 1655 597 1728 ille
624 1655 717 1725 filius
743 1656 905 1725 videatur
934 1656 1124 1725 sacerdotis
1149 1678 1212 1746 po-

165 1771 236 1840 tius
254 1793 360 1862 quam
377 1771 547 1840 carnificis
564 1792 692 1840 munus
718 1778 756 1839 et
777 1770 931 1838 officium
953 1770 1119 1860 exsequi3
1145 1770 1212 1838 ita·

166 1907 236 1976 que
262 1893 298 1953 et
324 1885 452 1976 linguis
478 1893 515 1954 et
537 1884 662 1953 animis
688 1884 739 1951 illi
765 1884 966 1966 favendum,
984 1891 1110 1975 utpote
1132 1905 1213 1974 pro-

167 2001 304 2069 curanti
330 1999 549 2079 saorificium,
568 1997 736 2068 Numinis
755 1999 881 2088 jussui
922 1999 1017 2091 Ergo
1035 1996 1092 2067 vel
1108 2021 1212 2089 prop-

166 2121 223 2181 ter
248 2135 358 2181 unum
387 2111 475 2180 illud
506 2112 704 2193 artificium,
732 2113 827 2203 quod
856 2113 901 2181 ad
932 2111 1211 2204 Agamemnonis

165 2225 345 2295 tumulum
378 2248 454 2296 rem
487 2227 563 2319 geri
592 2227 739 2308 curavit,
767 2227 966 2296 mirandum
997 2228 1034 2294 in
1064 2226 1211 2294 modum

165 2342 342 2432 superavit
362 2341 548 2432 AEschylus
570 2351 607 2411 et
629 2341 842 2433 Sophoclem
860 2348 898 2414 el
916 2339 1134 2439 Euripidem,
1152 2361 1211 2409 eo-

166 2455 248 2524 dem
265 2456 302 2523 in
319 2461 528 2546 argumento
546 2462 626 2544 post
644 2476 681 2524 se
699 2463 864 2527 versatos.

217 2570 410 2661 Pergamus
435 2591 539 2659 porro
562 2569 785 2641 dinumerare
809 2592 922 2661 pauca
942 2569 1115 2658 quaedam,
1134 2590 1211 2658 quae

166 2686 232 2754 etsi
261 2707 325 2775 per
353 2706 391 2752 se
421 2684 607 2752 videantur
640 2683 800 2766 levicula,
832 2707 895 2754 sua
925 2691 1046 2752 tamen
1076 2683 1111 2751 vi
1140 2705 1213 2751 non

166 2807 288 2869 carent
312 2799 349 2866 in
374 2819 504 2888 genere
526 2795 594 2865 hoc
616 2797 778 2889 religioso
795 2806 902 2890 atque
920 2820 1028 2867 sacro.
1080 2796 1214 2865 Exem-

165 2913 226 3004 plo
256 2914 302 2982 sit
329 2911 485 2992 Oresten,
514 2918 676 2980 veterum
705 2912 852 2981 heroum
879 2935 988 2994 more,
1016 2911 1213 2981 detondens

166 3030 280 3120 primo
304 3026 471 3119 capillum
489 3024 632 3108 Inacho,
649 3027 764 3127 patrio
790 3026 926 3103 flumini
948 3049 1030 3101 oum
1055 3027 1114 3125 pia
1134 3025 1214 3095 dili„

165 3144 287 3241 gentio
303 3149 521 3211 reservatum
533 3150 549 3198 ⁸
562 3163 570 3217 ;

376 3300 510 3366 πλόκαμον
521 3297 612 3369 Ἰνάχῳ
625 3298 788 3371 θρεπτήριον,

376 3384 422 3439 τὸν
435 3381 552 3453 δεύτερον
565 3382 593 3436 δὲ
605 3384 679 3438 τόνδε
690 3384 866 3457 πενθητήριον

165 3553 235 3622 quo
252 3528 350 3620 quasi
375 3529 573 3622 fragmento
598 3529 842 3622 pulcherrime
865 3533 1031 3602 orationis
1055 3533 1210 3603 declara·

167 3647 219 3715 vit
237 3643 349 3720 Poeta
365 3651 444 3719 tum,
465 3666 502 3713 se
521 3645 670 3714 Homeri
688 3647 991 3728 studiosissimum,
1011 3655 1089 3717 tum
1107 3645 1214 3717 Ores-

90 3756 93 3761 *
168 3768 243 3830 tem
274 3781 376 3827 suum
411 3759 462 3827 ita
492 3767 655 3852 suscepto
684 3762 822 3836 muneri
856 3763 1044 3844 intentum,
1070 3770 1111 3831 ut
1141 3785 1212 3831 uon

169 3881 291 3942 tamen
313 3872 466 3964 pueriles
491 3896 610 3956 annos,
628 3883 863 3967 notorumque
880 3877 1039 3947 locorum
1057 3877 1214 3949 dulcedi-

169 4009 261 4069 nem,
279 3988 421 4077 penitus
440 3988 674 4057 obliviscatur.

342 4195 351 4231 f
365 4193 475 4262 Clo'eplt.
490 4207 550 4263 973.
