2768 4876
551 279 767 344 INDEX.
1156 279 1221 346 848

111 431 144 484 de
163 432 225 486 feris
247 440 273 486 et
294 432 387 486 avibus
407 432 478 496 duci,
495 435 548 486 xix.
562 450 622 504 340.
674 433 798 501 Spartam
811 431 845 485 ab
857 430 984 501 Euripide
999 430 1104 500 probris
1119 431 1220 506 lacessi,

111 501 263 556 Pindaricas
277 501 309 555 de
322 520 349 555 re
361 502 471 566 ludicra,
485 522 547 556 xxv.
561 519 622 574 497.
709 502 781 555 xxix.
795 502 857 570 588.
1154 564 1156 566 Ὺ

63 615 69 627 .
110 571 281 625 Lucretianas
295 571 622 628 detrivialibusincaeles-
675 574 815 641 Sparserus
826 570 935 624 mirifice
949 571 1123 634 sibiconstat,
1136 589 1162 624 v.
1176 571 1219 640 58.

109 642 154 704 tia,
168 643 257 695 xxxiii.
276 641 336 712 675.
356 643 508 713 Virgilianae
526 645 623 712 saepius
708 641 851 712 Virgilium
875 650 900 694 et
926 641 1006 694 ltalos
1030 641 1156 703 imitatur,
1176 640 1219 694 60:

109 712 264 765 nominibus
281 720 345 765 sunt
361 712 501 776 distinctae,
515 715 622 767 xxxviii.
708 712 761 765 viii.
778 711 836 765 106.
858 712 894 765 xi.
911 724 969 781 170.
989 713 1025 764 xl.
1039 710 1100 764 806.
1132 711 1222 764 Ironia

111 780 172 852 769.
708 791 748 835 est
767 799 834 835 usus
853 781 879 835 in
902 799 1007 834 summa
1028 781 1160 840 carminis,
1175 780 1219 850 69.

74 852 228 914 Simonides,
241 852 294 904 xvi.
313 852 373 914 282,
391 853 451 921 285.
470 853 527 923 ejus
543 855 624 908 verba
708 851 840 905 Arturum
853 870 933 905 suum
947 851 994 905 diu
1009 853 1084 915 celat,
1096 851 1149 904 viii.
1161 850 1219 904 106.

110 929 256 991 ponuntur,
275 921 337 974 idid.
360 921 469 976 Pindari
485 924 623 994 Magister,
708 938 781 974 nunc
795 921 905 976 Iliadem
917 939 989 975 nunc
1003 921 1161 992 Odysseiam
1173 920 1220 974 ad·

111 992 214 1045 amicus
227 991 361 1054 Hieronis,
374 993 454 1046 xxvii.
468 1007 529 1058 554.
708 991 824 1054 umbrat,
846 993 882 1045 xi.
905 1005 963 1062 170.
989 1008 1037 1046 cur
1056 991 1146 1045 multis
1166 991 1220 1044 dis·

75 1062 224 1115 Simulacro
236 1062 354 1130 Epicuri,
368 1080 416 1116 cur
430 1062 553 1117 Lucretio
568 1066 623 1134 pla·
709 1062 812 1131 pliceat,
820 1062 883 1115 xxii.
897 1075 958 1131 415.
990 1062 1066 1132 tingit
1079 1061 1221 1115 Pastomm
1316 1115 1320 1130 ,

111 1131 222 1195 cuerint,
235 1132 317 1185 xxxii.
330 1133 391 1202 657.
709 1149 844 1200 personas,
857 1132 929 1185 xxiv.
939 1146 1000 1202 470.
1020 1132 1126 1201 scripsit
1137 1131 1220 1186 cauti·

76 1202 214 1254 simulatio
226 1210 281 1255 tam
296 1203 325 1255 iu
342 1203 418 1257 Poesi
435 1221 516 1275 quam
530 1205 560 1258 in
573 1203 623 1259 Re·
708 1203 791 1265 lenas,
811 1203 882 1256 xxiv.
900 1216 962 1272 474.
980 1203 1098 1271 patronis
1118 1202 1220 1256 obtem·

110 1272 217 1342 agione,
230 1273 267 1325 xl.
280 1272 341 1343 807.
708 1271 817 1340 peravit,
830 1287 892 1343 475.
923 1289 976 1343 qua
988 1291 1020 1326 sx
1035 1281 1109 1342 parte
1123 1271 1220 1325 Pinda-

74 1342 143 1394 Sitis
150 1343 344 1396 molestissimae
352 1342 622 1412 descriptiones,v.66.
708 1342 769 1395 n'cis
780 1344 869 1396 lucem
880 1342 980 1405 afferat,
993 1343 1054 1408 48ο.
1073 1343 1144 1396 xxvi.
1158 1341 1220 1410 516.

74 1411 198 1464 Socrates
220 1413 254 1465 ab
275 1412 484 1468 Atheniensibus
508 1414 622 1479 occisus,
709 1413 854 1466 consolatio
874 1414 931 1484 ejus
954 1413 986 1467 de
1005 1421 1089 1466 morte
1111 1411 1220 1474 Sidneii,

108 1482 190 1535 xxvii.
203 1495 264 1548 554.
284 1500 386 1536 morem
398 1483 436 1536 illi
448 1484 530 1554 gessit
543 1485 622 1538 Euri·
707 1495 768 1552 523.
799 1483 902 1538 animos
926 1483 955 1536 in
976 1482 1117 1537 Puritaaos
1141 1483 1219 1545 acuit,

108 1551 193 1621 pides,
206 1552 278 1605 xxix.
291 1564 351 1622 593.
377 1553 573 1623 philosophiam
590 1555 622 1609 de
707 1553 743 1604 xl.
758 1553 819 1605 812.

108 1622 173 1675 caelo
187 1620 331 1685 devocavit,
344 1624 416 1677 xxxi.
430 1622 492 1694 634.
517 1625 573 1695 ejus
586 1626 621 1679 εἰ·
673 1621 823 1690 Sperchium
829 1624 972 1694 alloquitur
978 1623 1149 1686 Achilles,vii.
1160 1638 1219 1692 103.

107 1691 208 1760 porcia,
220 1691 311 1744 xxxix.
326 1693 386 1762 782.
674 1691 776 1760 Spiritu
794 1694 848 1746 oris
861 1694 914 1747 Dei
931 1694 1041 1747 recreari
1055 1693 1152 1756 omnia,
1166 1693 1220 1746 xix.

72 1762 226 1815 Socraticam
240 1771 336 1830 praeter
347 1762 513 1817 Academurn
532 1764 621 1818 deam·
708 1763 769 1831 348.
783 1762 917 1818 Dominus
929 1764 952 1816 is
962 1771 987 1816 et
998 1763 1074 1817 dator
1080 1764 1150 1827 vitre,
1158 1780 1219 1834 349.

107 1825 324 1894 hulans,‘xxxvii.
338 1843 399 1901 741.
673 1832 876 1900 Spondaioorum
884 1850 1010 1888 versuum
1019 1834 1219 1903 ratio,viii.117.

74 1901 122 1954 Sol
133 1919 214 1954 cursu
225 1901 364 1966 inhibitus,
377 1921 420 1957 xv.
434 1916 494 1972 257.
673 1903 761 1956 Stadii
773 1911 798 1956 et
810 1912 907 1958 castus
926 1903 1071 1958 similitudo
1088 1903 1220 1975 quaedam,

73 1971 202 2024 Solarium
222 1971 381 2036 animorum,
399 1990 492 2027 versus
514 1976 622 2027 conclu·
707 1972 779 2026 xxiv.
791 1974 826 2039 48
847 2014 852 2027 .

108 2040 190 2095 dandi
202 2058 274 2104 cura,
286 2042 357 2095 xxiv.
370 2057 432 2113 474.
673 2044 756 2096 Statii
784 1991 865 2096 verim
897 2043 929 2097 de
960 2043 1075 2098 Lucretii
1107 2044 1220 2106 insania,

75 2111 621 2183 Somniorum,AEschylojudice,ratio,xix.
706 2113 796 2166 xxxiv.
810 2113 871 2167 686.

107 2194 169 2251 353.
207 2180 279 2250 apud
303 2181 519 2253 philosophantes
546 2185 621 2248 ratio,
673 2183 811 2236 Strabonis
831 2183 864 2238 de
885 2184 1004 2239 Homero
1028 2184 1220 2246 testimonium,

108 2251 197 2304 xxxix.
215 2252 274 2320 785.
708 2253 761 2306 xvi.
776 2252 836 2306 266.

73 2321 158 2374 Soros
170 2330 278 2390 propter
293 2339 375 2393 aquas
390 2323 419 2376 in
435 2325 622 2394 longissimum
675 2323 835 2393 Strepsiadis
864 2324 937 2394 apud
974 2324 1120 2379 Pindarum
1151 2325 1220 2387 laus,

108 2391 179 2454 ferri,
192 2392 300 2445 xxxviii.
314 2391 375 2461 768.
707 2394 779 2446 xxvi.
792 2407 854 2465 549.

74 2461 203 2530 Sophiste
235 2461 307 2531 apud
338 2462 476 2517 Platonem
507 2463 620 2528 ridiculi,
674 2461 744 2532 Stpii
764 2465 822 2519 laus
843 2464 980 2518 dubitatur
1003 2482 1036 2518 an
1059 2463 1165 2534 propria
1185 2465 1220 2518 sit

108 2531 199 2585 xxxiv.
213 2529 273 2601 691.
709 2533 859 2599 Poetarum,
872 2535 961 2588 xxviii.
975 2547 1036 2605 577.

74 2601 214 2670 Sophocles
230 2601 294 2672 quid
313 2603 341 2654 in
359 2602 494 2673 OEdipode
512 2605 562 2658 sibi
574 2621 621 2658 vo·
673 2601 840 2673 Stymphalos
851 2622 900 2659 cur
916 2622 987 2658 curae
1003 2605 1082 2659 fuerit
1095 2604 1219 2668 Pindaro,

107 2672 196 2734 luerit,
216 2690 261 2725 xx.
282 2673 343 2742 358.
374 2673 504 2744 AEschylo
525 2675 621 2738 minor,
705 2675 777 2727 xxvi.
790 2687 852 2745 533.

108 2741 182 2812 quod
210 2741 244 2795 ad
269 2742 392 2796 Orestem
422 2744 542 2813 pertinet,
567 2745 621 2798 xxi.
672 2743 775 2796 Summa
800 2745 968 2808 Summarum,
994 2744 1109 2798 Lucretii
1133 2744 1166 2798 de
1189 2762 1220 2798 ea

108 2828 170 2883 394.
183 2828 244 2880 4ο3.
267 2812 300 2866 de
312 2813 368 2884 ejus
380 2815 439 2868 loco
452 2813 621 2883 disceptatur,
706 2830 809 2877 versus,
822 2814 904 2867 xxxii.
917 2813 978 2884 651.

107 2881 197 2936 xxviii.
211 2884 320 2951 passim.
349 2901 405 2936 non
426 2884 483 2937 sine
506 2884 620 2955 quadani
673 2883 815 2953 Supplices,
843 2883 966 2956 AEschyli
988 2884 1138 2955 l'rngoedia,
1166 2902 1219 2955 quo

107 2951 215 3032 invidia,
228 2952 289 3019 561,
303 2952 363 3019 562.
382 2954 453 3035 ineo
465 2956 621 3026 plerumque
706 2962 824 3024 tempore
842 2955 949 3036 scripta·
965 2955 1053 3019 fuerit,
1080 2955 1143 3009 xvii.
1157 2971 1218 3024 494.

107 3023 620 3173 terremtatem:
705 3021 767 3165 ta.
809 3024 1219 3178 ‘austrigisilum

107 3178 168 3216 rum
198 3171 313 3231 partium
341 3181 467 3232 personas
499 3166 618 3235 negligit,
705 3166 877 3234 plementum,
897 3166 969 3219 xxiii.
991 3183 1052 3233 441.
1083 3166 1158 3235 tangi
1180 3113 1219 3219 ili

106 3230 168 3298 564.
196 3232 258 3285 felix
280 3231 420 3286 indolere
442 3233 619 3304 depingendo,
705 3235 811 3305 proprie
833 3235 965 3300 loeminas,
979 3250 1040 3305 451.
1070 3253 1126 3290 non
1149 3235 1218 3290 hanc

107 3301 169 3367 566.
216 3302 321 3371 propria
358 3303 455 3372 saepius
487 3306 619 3376 compilat,
705 3306 747 3358 vel
770 3305 850 3368 illam,
876 3305 922 3359 sed
943 3324 1029 3377 genus
1052 3305 1218 3369 foemineum,

107 3371 347 3495 §xpigiiaepgplpjrgs
360 3373 473 3437 εὐκολία,
486 3376 547 3497 569.
558 3376 619 3442 584.
706 3387 767 3441 454.
777 3392 878 3497 tearum
890 3375 1009 3499 dpzleig,
1022 3376 1056 3430 de
1067 3376 1217 3500 appolo-

106 3523 168 3581 570.
187 3512 275 3564 vetulo
283 3460 315 3566 eic
317 3461 619 3585 cdlldllaadneidlddillgllii
705 3461 776 3568 didi
788 3460 1105 3587 lilllrllixxdude4lep1ilililca
1124 3463 1218 3595 algnudl,

106 3580 344 3650 φιλαθηναιότατος,
373 3583 415 3653 76.
434 3584 532 3653 duplici
541 3585 619 3639 laude
705 3585 778 3638 xxix.
791 3586 852 3652 588.

106 3597 375 3731 comprobatusibid.
389 3654 417 3706 in
426 3652 619 3724 Scenicisperi·
671 3655 753 3724 Sylva
776 3672 824 3709 cur
847 3656 1012 3726 appellentur
1029 3657 1094 3710 viles
1118 3654 1217 3719 herbae,

105 3722 234 3784 tissimus,
244 3723 305 3787 580.
324 3723 396 3776 varia
407 3723 464 3793 ejus
477 3725 549 3787 vitia,
557 3725 618 3791 581.
704 3725 803 3778 xxxvii.
815 3737 875 3795 744.

106 3790 520 3861 exirejubeturePatriciis,582.
540 3794 618 3848 Euri·
670 3795 815 3864 Splaestria
837 3794 956 3864 depingit
977 3813 1039 3850 cum
1059 3811 1148 3847 amora
1163 3794 1218 3848 Lu·

105 3860 193 3928 pidem
198 3862 226 3913 in
232 3860 352 3915 Choricis
357 3864 570 3931 superat,xxix.5
590 3881 617 3919 o.
704 3865 812 3928 cretius,
825 3865 915 3918 xxxiii.
928 3865 989 3937 673.
1017 3874 1044 3919 et
1055 3863 1089 3918 de
1100 3864 1132 3918 iis
1144 3863 1218 3918 ducit

104 3931 552 4002 eoruminpartibusmuliebribus
582 3935 617 3989 is-
705 3934 808 3998 similia,
822 3933 883 4005 676.

105 4000 214 4123 771ωέιῖ
226 4015 287 4070 595.
319 4002 429 4125 depitae
448 4004 534 4068 malis,
555 4023 617 4059 cum
670 4005 807 4073 Spromtsoe
824 4022 840 4058 a
858 4004 974 4060 Pindaro
994 4005 1141 4074 descriptae,
1153 4023 1216 4059 xxv.

128 4088 176 4123 ucr
202 4088 211 4122 1
273 4089 301 4123 m
507 4114 513 4127 .
581 4114 588 4128 .
760 4115 766 4128 .

72 4088 504 4221 Soplrpclisovcdrbdolrhddnlurxlv
513 4087 579 4198 vi.00
573 4145 616 4200 80.
669 4088 819 4215 Spiidacra
830 4145 952 4208 ferentes,
964 4146 1019 4199 xix.
1032 4158 1094 4216 354.

104 4228 158 4263 xui.
172 4227 231 4264 221.
245 4229 325 4265 xxxv.
340 4226 400 4282 700.

71 4281 192 4348 Soutlrey,
209 4280 350 4344 Robertus,
362 4283 420 4353 ejus
433 4284 549 4338 carmina
560 4286 617 4339 lau-
693 4325 698 4333 .
924 4287 957 4340 T.

106 4350 211 4412 dantur,
224 4351 296 4404 xviii.
310 4368 371 4422 33¹·
392 4354 482 4408 xxxiii.
496 4353 557 4426 669.
586 4355 618 4410 de
671 4356 777 4410 Tacitus
805 4356 838 4411 de
868 4357 984 4412 t'oeminis
1013 4357 1216 4421 Germanorum,

105 4420 170 4474 Ficu
183 4420 283 4484 Indica,
295 4423 386 4477 xxxiii.
399 4423 460 4490 664.
704 4426 785 4480 xxvii.
799 4440 860 4495 551.

729 4531 780 4597 31
