2768 4876
172 323 236 387 704
437 323 488 386 Do
499 321 681 386 wainni
695 320 794 403 operis
808 319 953 384 clausum.
1021 340 1223 384 PRAEL.XXXV⁴

314 489 428 559 Insuper
439 489 570 543 instructa
581 488 683 557 ingenti
696 489 810 542 clamore
822 487 954 551 locabant,

314 573 523 645 Subdebantque
535 573 614 636 laces,
627 575 713 628 multo
725 592 788 628 cum
801 575 939 645 sanguine,
953 592 1024 645 saepe

313 659 439 714 Rirantes
452 660 540 730 potius
553 677 634 731 quam
648 677 758 730 corpore
770 660 962 715 desererentur.

171 772 307 842 Mirum
327 796 409 843 vero
430 773 538 844 finem
564 775 677 865 operis
699 775 856 844 omnium
874 764 1092 865 amplissimi,
1111 766 1224 844 maxi-

169 912 299 980 meque
316 890 525 981 pertinentis
539 890 582 959 ad
602 911 777 958 summam
795 888 1038 980 philosophiae,
1051 882 1223 981 vitaeque!

171 1003 236 1073 nisi
260 1004 343 1096 quia
368 1003 536 1074 credibile
562 1014 626 1086 est,
651 1003 827 1073 defessum
854 1002 959 1095 plane
985 1005 1135 1073 materie
1162 1028 1225 1075 sua

172 1117 389 1211 Scriptorem
402 1143 475 1189 non
488 1119 576 1188 adeo
590 1118 820 1187 vehementer
838 1117 1022 1200 laborasse,
1036 1141 1143 1209 quam
1164 1143 1225 1211 po-

172 1235 347 1304 tissimum
365 1234 558 1305 clausulam
580 1234 778 1325 imponeret
801 1232 1009 1324 imperfecto
1028 1242 1066 1302 et
1084 1235 1224 1326 ingrato

171 1351 278 1441 operi.
331 1347 428 1419 Nam
452 1348 540 1419 illud
563 1345 707 1440 quidem
733 1347 831 1418 nulla
856 1349 939 1418 satis
963 1356 1061 1418 certa
1086 1350 1224 1420 ratione

171 1464 337 1557 colligere
362 1487 557 1557 possumus,
579 1463 756 1555 scripsisse
782 1480 864 1533 eum
889 1463 1003 1555 plura,
1021 1487 1128 1555 quam
1147 1490 1224 1559 quae

170 1589 357 1671 supersunt
388 1579 512 1650 hodie:
544 1580 738 1672 praesertim
768 1600 849 1649 oum
880 1579 965 1670 ipse,
995 1579 1098 1649 initio
1130 1566 1223 1650 sexti

170 1694 260 1775 libri,
295 1718 332 1764 se
360 1695 437 1787 jam
471 1717 611 1765 currere
647 1695 892 1764 demonstrate
926 1717 1101 1786 supremae
1137 1720 1224 1789 prae-

170 1811 361 1902 scriptaad
379 1811 528 1881 candida
545 1805 660 1880 calcis.

221 1925 340 2009 Quare
361 1927 397 1996 id
421 1929 459 1994 in
480 1948 646 1996 concesso
672 1922 854 2008 habeatur,
872 1925 1033 2020 religioni
1051 1927 1223 2018 quodam-

170 2040 277 2110 modo
296 2042 387 2111 viam
412 2050 622 2133 praestruere
642 2041 860 2122 Lucretium,
879 2065 960 2111 oum
979 2042 1115 2112 flebiles
1133 2043 1221 2112 adeo

170 2153 364 2225 cantilenas
389 2163 493 2225 canat
514 2154 559 2224 de
586 2157 749 2225 universa
772 2178 834 2246 spe
856 2154 1050 2238 hominum,
1070 2180 1142 2226 non
1168 2180 1222 2226 so-

171 2270 245 2339 lum
272 2269 367 2363 vulgi
399 2271 459 2341 sed
489 2280 525 2340 et
554 2269 696 2340 familiae
724 2294 808 2341 suae.
862 2271 985 2341 Liceat
1004 2272 1082 2362 jam
1108 2273 1221 2364 majus

170 2385 300 2456 addere
324 2386 478 2478 aliquid;
504 2408 574 2477 prae
600 2409 638 2457 se
662 2387 754 2456 ferre
781 2408 863 2456 eum
888 2386 1053 2457 videlicet
1074 2387 1222 2458 obscura

170 2501 329 2591 quaedam
348 2505 447 2595 signa
463 2504 501 2571 in
518 2502 643 2573 altiora
661 2503 894 2596 assurgentis:
918 2503 1113 2585 itatamen‚
1128 2505 1220 2573 utin

170 2634 293 2684 somno
311 2619 423 2709 magis
434 2618 526 2686 viam
541 2618 638 2708 quasi
656 2618 750 2687 ultro
770 2618 912 2709 palpare
930 2617 1101 2703 videatur,
1113 2642 1220 2710 quam

171 2729 243 2800 ulla
273 2740 369 2801 certa
399 2754 460 2823 spe
491 2732 582 2812 duci,
607 2731 748 2822 qualem
777 2732 964 2824 vigilantes
995 2732 1129 2802 habent
1158 2732 1220 2803 ho-

170 2847 293 2917 mines.

223 2960 354 3045 Primo,
373 2965 465 3052 quod
485 2963 630 3033 Infinita
656 2963 725 3045 illa,
744 2964 851 3032 toties
871 2964 947 3053 jam
973 2986 994 3032 a
1020 2964 1121 3032 nobis
1147 2987 1220 3034 me-

168 3085 314 3158 morata,
334 3077 418 3169 (quo
437 3101 507 3147 uno
524 3101 654 3171 genere
677 3079 833 3147 maxime
856 3080 1059 3147 continetur
1081 3101 1220 3148 summa

169 3190 390 3262 Lucretianae
418 3192 595 3282 Poeseos,)
620 3202 703 3263 sunt
728 3195 804 3285 ipse
828 3194 888 3281 (sit
915 3193 1017 3262 venia
1044 3192 1218 3286 loquenti)

168 3304 267 3374 velut
282 3305 350 3375 Dei
369 3306 528 3399 vestigia,
542 3316 678 3377 naturae
695 3308 879 3377 bominum
898 3309 1075 3399 impressa.
1117 3307 1218 3376 Num

168 3419 224 3488 cui
248 3419 414 3490 credibile
436 3429 501 3503 est,
521 3423 776 3492 somniaturum
801 3446 838 3492 se
863 3422 936 3492 ullo
960 3431 1121 3515 tempore
1145 3425 1218 3493 sive

168 3535 212 3602 de
240 3536 412 3604 immenso
436 3545 473 3604 et
492 3559 580 3628 vago
606 3536 774 3606 caelorum
800 3539 924 3629 spatie,
942 3539 1015 3606 sive
1039 3537 1083 3606 de
1106 3540 1218 3629 puris-

168 3649 256 3717 sima
282 3648 370 3729 luce,
397 3673 459 3720 seu
485 3651 636 3742 denique
663 3653 707 3721 de
733 3662 833 3721 motu
861 3651 931 3735 illo,
958 3677 1027 3745 prae
1053 3653 1217 3722 omnibus

168 3762 278 3831 ferme
296 3767 450 3833 numeris
464 3765 659 3848 celerrime,
671 3769 706 3835 ni
721 3768 812 3837 foret
830 3791 893 3859 per
910 3769 1093 3838 obscuram
1108 3791 1217 3858 quan-

167 3877 248 3945 dam
267 3878 397 3950 divinae
415 3882 667 3973 magnitudinis
686 3883 880 3964 notionem,
898 3883 1124 3952 informatam
1143 3906 1217 3952 om-

165 3993 263 4061 nium
294 3993 446 4065 animis?
499 3996 732 4089 Quapropter,
763 3998 822 4089 qui
858 3998 912 4066 his
943 3997 1216 4089 cogitationibus

165 4118 367 4199 occupatur,
387 4109 487 4180 illum
506 4112 656 4181 dixerim
675 4111 730 4181 vel
753 4114 1015 4204 imprudentem
1037 4122 1160 4182 sancta
1177 4121 1212 4181 et

166 4244 247 4290 vera
264 4224 330 4292 sibi
349 4249 516 4316 quaerere.

583 4353 595 4389 Ρ
615 4346 694 4400 Lucr.
708 4346 733 4399 6.
746 4365 790 4417 91.
