2768 4876
176 329 267 368 rann.
280 329 329 368 xe.
384 303 546 390 Utrobique
560 303 742 368 sonandam
756 326 812 368 eoae
830 304 1055 368 Verecundiam.
1157 306 1221 370 815
1317 352 1321 360 .

175 479 290 568 quirat
307 477 443 567 aliquis,
461 499 612 567 quonam
638 478 792 546 maxime
810 478 916 546 modo
935 477 1053 546 veniat
1073 487 1092 518 “
1110 479 1223 547 honor

175 601 210 660 et
237 615 366 661 nomen
386 592 512 661 divinis
539 592 678 661 vatibus
703 600 810 683 atque
834 591 1086 672 Carminibus,”
1104 594 1133 662 is
1153 593 1222 662 Re-

175 705 297 799 ligioni
315 729 457 776 necesse
475 707 542 775 erit
557 706 612 775 vel
629 709 758 799 primas
775 706 811 775 in
830 730 872 776 ea
890 729 928 776 re
945 719 1062 799 partes
1076 708 1220 778 tribuat.

175 820 271 891 Nam
294 833 480 913 postquam
498 845 540 891 ea
558 823 667 892 semel
685 822 831 915 virgula,
848 831 889 892 ut
907 824 1016 903 aiunt,
1035 823 1153 894 divina
1169 849 1224 895 re-

173 935 316 1027 gionem
334 957 618 1026 unamquamque
638 937 787 1005 Naturae
805 938 973 1030 tetigerit,
992 962 1083 1008 novo
1101 941 1220 1009 statim

173 1050 320 1133 lumine,
346 1073 386 1120 ao
409 1050 512 1140 plane
539 1051 685 1135 caelesti,
715 1053 827 1122 imbui
854 1077 932 1145 quae
958 1055 1052 1146 prius
1076 1057 1222 1146 profana

173 1188 249 1235 esse
280 1167 513 1235 videbantur:
541 1189 623 1234 cum
653 1167 855 1260 intelligant
885 1170 1019 1239 seilicet
1049 1171 1220 1250 homines,

173 1281 285 1350 varias
303 1303 419 1348 rerum
438 1281 698 1364 similitudines,
716 1282 870 1373 aliasque
887 1284 923 1352 id
939 1306 1051 1376 genus
1067 1285 1219 1366 deliciae,

171 1417 242 1463 non
273 1396 309 1462 in
338 1394 453 1463 lusum
482 1396 587 1464 modo
621 1397 694 1465 dari
724 1397 905 1489 ingenioso
933 1400 1070 1489 cuique,
1105 1423 1220 1491 neque

172 1511 376 1603 opinionum
405 1512 614 1579 commentis
641 1511 769 1579 debere
795 1511 962 1595 adscribi;
992 1515 1077 1603 quin
1103 1513 1220 1604 potius

171 1635 264 1694 nutu
283 1626 436 1716 quodam
456 1636 492 1694 et
511 1626 648 1695 indiciis
665 1650 735 1694 non
754 1626 869 1696 dubiis
887 1628 1072 1720 significari
1084 1627 1220 1718 judicia

173 1741 334 1823 Naturae,
361 1765 405 1810 au
434 1742 549 1810 verius
580 1741 704 1821 dicam,
733 1740 844 1819 Illius,
874 1744 933 1832 qui
960 1743 1117 1812 condidit
1145 1742 1220 1812 Na-

173 1868 298 1926 turam.
363 1857 420 1926 Ita
448 1856 582 1926 factum
612 1866 677 1939 est,
709 1866 750 1925 ut
778 1859 895 1950 magui
932 1867 969 1926 et
1004 1858 1220 1928 excellentes

171 1972 291 2042 Poetae
310 1971 525 2041 Antistitum
548 1973 660 2041 ferme
677 1972 754 2042 loco
780 1985 908 2054 esseut,
926 1997 1117 2064 eorumque
1141 1998 1220 2064 pro-

170 2089 285 2157 vincia
318 2087 509 2157 haberetur
538 2096 677 2157 tautum
714 2112 785 2157 non
820 2088 982 2181 religiosa
1016 2099 1053 2158 et
1087 2101 1218 2160 saneta.

171 2203 294 2274 Verbo
319 2204 445 2286 dieam,
464 2202 584 2272 Poesis
609 2203 785 2295 Religioni
811 2205 1013 2273 commodat
1039 2206 1218 2297 signorum

170 2329 208 2388 et
235 2319 401 2388 similium
435 2320 595 2410 copiam:
637 2318 775 2410 Religio
807 2317 910 2387 Poesi
945 2321 1060 2388 reddit
1091 2321 1215 2390 eadem

168 2443 271 2504 tanto
291 2435 367 2525 jam
390 2434 577 2526 splendore
600 2443 732 2516 ornata,
750 2442 791 2501 ut
810 2456 879 2501 non
899 2433 1012 2502 solum
1031 2435 1075 2502 ad
1104 2437 1219 2527 signo-

169 2574 259 2631 rum,
281 2572 402 2618 verum
429 2551 537 2619 etiam
563 2549 606 2618 ad
626 2548 933 2618 Sacramentorum
955 2551 1068 2640 (paene
1088 2552 1217 2642 dicam)

169 2688 357 2735 numerum
377 2665 585 2755 pertineant.

214 2781 355 2872 Magno
372 2789 540 2870 praeterea
554 2780 820 2850 necessitudinis
831 2781 972 2850 vinculo
991 2782 1219 2852 eontinentur

168 2899 262 2965 inter
296 2918 333 2964 se
369 2897 438 2963 duo
479 2895 555 2965 haeo
593 2918 732 2988 genera,
768 2896 861 2986 quod
904 2896 938 2963 in
977 2909 1125 2986 utroque
1161 2897 1217 2967 vel

168 3011 344 3100 praecipue
366 3010 528 3102 regnabit
552 3019 648 3079 easta
672 3032 712 3078 ac
740 3009 797 3099 pia
815 3009 973 3099 quaedam
996 3012 1216 3081 verecundia.

169 3122 266 3192 Nam
295 3134 333 3192 et
363 3124 539 3192 Naturam
570 3124 629 3213 qui
654 3146 726 3191 non
752 3131 886 3192 temere
912 3123 1106 3206 imitantur,
1134 3148 1216 3194 eum

167 3260 210 3306 ea
227 3239 389 3328 quaedam
415 3237 532 3306 oeleut
555 3260 697 3307 neeesse
718 3247 792 3321 est;
820 3239 993 3306 duntaxat
1011 3239 1055 3307 ad
1079 3239 1157 3321 hoe,
1176 3249 1217 3309 ut

166 3355 277 3422 tacito
304 3354 421 3444 potius
445 3362 483 3421 et
504 3352 665 3443 aequabili
690 3354 843 3443 quodam
873 3361 996 3422 tenore
1023 3354 1066 3423 ad
1094 3377 1216 3426 omnes

165 3467 438 3560 pulchritudinis
459 3468 588 3560 gradus
610 3477 927 3560 assurgant,qua1n
953 3470 1079 3549 subito,
1098 3481 1215 3560 atque,

166 3593 207 3652 ut
224 3585 324 3652 aiunt
344 3583 606 3665 Mathematici,
623 3607 686 3675 per
710 3582 836 3652 saltum
854 3606 863 3665 ;
890 3583 976 3673 (quo
993 3585 1060 3652 ritu
1082 3587 1214 3654 moveri

165 3698 281 3768 solent
299 3700 359 3789 qui
386 3699 420 3767 in
447 3698 543 3790 vulgi
567 3698 687 3767 oeulos
714 3699 890 3768 incurrere
917 3721 985 3766 non
1012 3709 1177 3769 verentur
1190 3705 1214 3791 τ)

165 3826 203 3884 et
221 3816 383 3882 universa
397 3814 547 3883 Pietatis
565 3814 666 3895 ratio,
678 3814 913 3905 prudentioris
932 3823 1039 3895 certe,
1054 3816 1098 3884 ad
1116 3815 1213 3885 illam

165 3930 330 4022 dirigitur
347 3953 517 4011 normam,
537 3954 613 4019 quae
637 3930 806 4000 divinitus
829 3930 1018 3999 adhibetur
1035 3932 1070 3999 in
1091 3930 1214 3999 Sacro-

164 4047 296 4115 sauetis
314 4044 454 4128 Litoris,
473 4055 513 4115 ut
532 4046 665 4115 lateant
690 4047 896 4137 plerumque
915 4047 1049 4139 optima
1066 4070 1213 4139 quaeque

164 4163 296 4231 inertes
319 4169 357 4230 et
379 4163 569 4251 imparatos
592 4163 750 4244 animos;
786 4172 862 4230 tum
881 4163 1024 4230 demum
1035 4162 1115 4231 'sub
1133 4162 1213 4233 luoe

164 4277 274 4346 videri
312 4276 435 4357 velint,
469 4299 550 4344 eum
592 4277 681 4345 bene
717 4278 854 4369 purgati
890 4277 961 4344 sint
996 4278 1211 4347 intuentium
