2768 4876
164 324 229 393 762
237 327 301 413 Spe
312 347 413 391 carcre
422 326 609 400 madiam,
623 323 787 409 Virgilium
798 320 970 386 abradere.-
981 340 1212 384 rnenxxxvm.

164 503 341 593 quomodo
376 498 650 570 excurrentium.
703 495 846 576 Contra,
876 494 1084 589 Virgilium,
1119 502 1160 563 ut
1193 516 1213 562 a

165 620 279 710 prima
317 617 467 709 pueritia
497 616 580 682 vitae
615 613 755 705 agresti,
787 611 992 680 fluminibus
1026 610 1211 702 sylvisque,

165 733 327 813 insuevit,
347 733 396 801 sic
418 732 513 800 omni
541 739 701 820 tempore
727 750 747 795 e
773 728 895 797 castris
919 734 956 796 et
980 727 1069 796 urbe
1095 729 1133 795 in
1155 748 1212 795 rus

164 871 267 918 suum
285 847 458 940 refugere,
477 845 561 914 laeto
589 866 630 913 ac
656 842 793 912 lubenti
819 843 960 925 auim03
989 851 1160 933 tanquam
1178 844 1213 911 in

164 963 382 1033 domicilium
408 984 521 1042 suum,
540 960 600 1029 ubi
624 967 742 1029 metus
768 981 900 1040 omnes,
926 980 1088 1050 angores,
1111 958 1213 1051 aegri·

165 1080 305 1148 tudines
337 1079 513 1169 deponere
551 1075 672 1144 soleat.
730 1073 789 1143 Illi
824 1074 908 1144 satis
938 1096 1024 1155 esse,
1056 1075 1085 1144 si
1116 1074 1212 1143 brevi

164 1194 251 1264 bora
268 1194 427 1263 detinere
444 1192 555 1284 possit
576 1213 616 1260 ac
641 1190 752 1260 lenire
776 1191 944 1271 animum,
962 1190 1156 1259 formarum
1174 1213 1213 1259 ac

165 1308 323 1378 colorum
341 1307 397 1377 vel
415 1307 611 1397 majestate,
630 1305 687 1374 vel
708 1306 806 1375 suavi
825 1328 866 1375 ac
884 1314 1008 1375 tenero
1032 1327 1095 1375 seu
1113 1315 1213 1376 motu

165 1425 238 1493 sive
264 1432 421 1516 aspectu.
476 1423 547 1492 Hic
574 1423 671 1514 quasi
698 1423 859 1512 quaedam
887 1421 1064 1513 colloquia
1090 1429 1213 1490 tenere

165 1562 248 1609 cum
279 1539 468 1620 montibus,
499 1537 615 1630 sylvis,
645 1536 861 1618 fluminibus,
894 1537 1017 1606 amieis
1048 1536 1214 1606 videlicet

165 1657 248 1724 visis
275 1654 381 1745 longo
398 1662 479 1744 post
497 1661 668 1744 tempore.
720 1652 888 1722 Lucretio
916 1654 1037 1744 itaque
1059 1653 1128 1722 etsi
1145 1675 1214 1721 non

166 1793 243 1839 raro
268 1769 381 1838 rideat
398 1769 660 1859 quodammodo
678 1775 715 1836 et
733 1766 873 1836 exultet
894 1769 1042 1859 pictura,
1062 1767 1213 1837 velutin

167 1882 371 1976 triumphali
399 1882 460 1953 illo
486 1906 527 1954 ao
553 1884 736 1954 notissimo
767 1883 812 1953 de
837 1885 952 1952 vernis
979 1883 1116 1954 deliciis
1143 1907 1214 1954 car-

166 2000 344 2081 minet-

309 2130 335 2184 lt
346 2130 401 2184 Ver
413 2139 440 2184 et
451 2130 546 2184 Venus
558 2138 584 2184 et
596 2129 709 2184 Veneris
721 2128 892 2199 praenuncius
906 2135 967 2183 ante

309 2217 439 2270 Pinnatus
452 2216 573 2287 graditur
585 2216 724 2288 Zephyrus
736 2216 848 2286 vestigia
859 2225 983 2285 propter:

308 2303 386 2356 Flora
398 2303 496 2374 quibus
510 2312 595 2356 mater
606 2320 788 2372 praespargens
800 2311 862 2356 ante
873 2303 925 2356 viai
979 2339 982 2344 -

309 2387 413 2441 Cuncta
425 2387 559 2442 coloribus
571 2388 684 2458 egregiis
697 2397 723 2441 et
735 2387 863 2441 odoribus
876 2389 965 2457 opplet
975 2407 1018 2440 ι-

167 2524 340 2591 nusquam
375 2510 494 2569 tamen
524 2502 681 2569 invenias
712 2501 993 2590 acquiescentem
1022 2502 1057 2569 in
1085 2504 1213 2594 agresti

168 2617 228 2685 illa
258 2616 534 2707 tranquillitate:
567 2640 681 2706 neque
712 2617 763 2685 ita
791 2639 827 2684 se
856 2617 936 2685 ferri
965 2617 1093 2708 agique
1123 2618 1213 2698 sinit,

168 2733 266 2823 quasi
293 2733 443 2822 quadam
468 2755 553 2801 aura
571 2732 844 2813 vehementiore,
862 2733 898 2800 in
924 2755 1004 2801 rura
1030 2741 1067 2801 et
1093 2733 1215 2801 solitu-

168 2848 276 2928 dines
296 2858 336 2917 ut
355 2848 581 2917 obliviscatur
606 2848 840 2917 acerbissimae
864 2849 975 2925 sortis,
995 2849 1162 2938 duraeque
1179 2851 1214 2917 in

168 2984 272 3030 omne
285 2985 397 3053 genus
415 2961 608 3028 humanum
628 2963 821 3030 sententiae.
858 2961 999 3043 Contra,
1015 2985 1092 3052 quae
1107 2961 1215 3030 babet

168 3077 367 3146 tristissima
384 3075 578 3144 identidem
594 3075 777 3167 Virgilius,
792 3077 937 3144 minime
956 3086 1075 3144 tamen
1093 3085 1214 3145 carent

167 3187 291 3257 solatio
321 3209 406 3257 suo:
443 3187 573 3278 quippe
608 3189 738 3256 arctius
769 3187 880 3255 ferme
911 3189 1101 3278 conjuncta
1128 3211 1214 3259 cum

167 3302 261 3371 dulei
288 3302 405 3393 aliqua
431 3303 687 3393 praeteritarum
716 3325 832 3370 rerum
859 3304 1038 3371 memoria.
1092 3302 1214 3372 Habet

165 3416 233 3485 hoc
257 3425 377 3486 autem
402 3416 577 3510 singulare
602 3426 639 3485 et
664 3418 901 3509 gratissimum
930 3418 1073 3507 quidem
1102 3419 1215 3486 omnis

166 3533 329 3622 pueritiae
348 3535 502 3602 suaviter
519 3541 610 3601 actae
632 3533 837 3614 recordatio,
857 3541 898 3600 ut
916 3533 1046 3601 bonam
1065 3542 1215 3601 certam-

166 3672 234 3737 que
253 3648 370 3716 foveat
390 3672 498 3740 spem,
511 3649 663 3716 existere
677 3648 805 3717 alieubi
821 3648 1022 3717 Potentiam
1039 3647 1213 3737 quandam

167 3761 367 3854 benignam,
387 3787 467 3854 quae
489 3762 582 3831 mala
604 3764 685 3830 vitae
709 3770 895 3853 temperet,
914 3770 1021 3852 atque
1039 3762 1129 3831 adeo
1148 3762 1214 3830 for-

167 3886 258 3944 tasse
285 3901 356 3946 non
381 3878 471 3946 ferat
496 3878 614 3946 omnia
640 3900 778 3968 semper
795 3878 831 3945 in
850 3880 949 3968 pejus
976 3899 1087 3968 prona
1104 3901 1211 3946 ruere.

167 3989 294 4060 Manat
321 3993 580 4083 quodammodo
612 3993 781 4082 ejusmodi
815 3994 887 4084 spei
921 3993 1019 4081 quasi
1053 3995 1210 4081 quaedam

576 4199 588 4226 θ
608 4189 686 4243 Lucr.
701 4205 725 4259 5.
741 4204 754 4260 7
775 4191 799 4244 6.
