2768 4876
181 313 245 376 436
399 314 550 398 Hospitio,
564 314 706 392 coactata,
723 315 843 378 oioitoto
859 315 984 400 donique
1044 339 1227 383 raanxxn.

180 486 254 552 sine
271 492 393 553 sancto
411 507 451 553 ac
470 485 585 553 sobrio
603 486 740 554 timore.
793 485 850 555 Ac
868 488 997 569 videte,
1017 510 1124 577 quam
1141 512 1224 581 pru·

179 598 303 667 denter
320 598 363 667 ad
381 600 448 668 iras
466 621 586 668 earum
604 599 791 691 placandas
808 601 953 670 accedat
972 600 1171 672 Minervass.

388 727 444 796 ε’μοί
455 727 564 782 πιθέσθε
576 728 610 797 μὴ
622 730 790 798 βαρυστόνως
802 730 900 801 φέρειν·

389 815 419 867 οὐ
431 817 481 884 γὰρ
494 815 630 883 νενίκησθ’,
642 815 702 868 ἀλλ’
716 810 855 887 ἰσόψηφος
867 818 922 885 δίκη
933 886 934 890 ¹

388 901 475 970 &tlt
488 901 598 970 άληθῶς,
611 903 656 956 οὐκ
668 902 755 972 ἀτιμίᾳ
768 903 853 957 οεθεν.

176 1022 285 1105 Quasi
309 1025 412 1106 dicat,
432 1023 488 1092 vel
511 1031 656 1116 propter
681 1025 777 1116 paria
802 1023 966 1116 suffragia
990 1022 1142 1116 intelligi
1162 1023 1223 1094 de·

175 1138 267 1219 bere,
299 1162 403 1230 quam
434 1163 490 1209 res
519 1141 626 1209 fuerit
657 1141 693 1207 in
724 1140 851 1209 dubio:
882 1141 976 1230 quod
1003 1140 1119 1230 ipsum
1149 1163 1221 1209 non

175 1251 397 1344 negligentiae
418 1254 479 1322 sed
501 1254 642 1324 honoris
664 1255 955 1346 significationem
972 1255 1092 1325 habet.
1136 1254 1221 1324 Per·

174 1367 228 1457 git
245 1367 372 1436 deinde
389 1367 543 1458 hospitio
559 1369 748 1437 invitare0:

385 1504 436 1575 ἐγὼ
447 1505 498 1574 γὰρ
509 1505 568 1573 ὑμῖν
579 1505 706 1560 πανδίκως
717 1505 870 1575 ὑπίσχομαι,

385 1591 460 1661 ἕδράς
471 1613 499 1645 τε
511 1591 552 1644 καὶ
565 1591 709 1660 κευθμῶνας
721 1591 820 1645 ἐνδίκου
832 1591 926 1662 χθονός

382 1677 611 1748 λιπαροθρόνοισιν
622 1677 714 1747 ἡμένας
726 1677 764 1732 ἐπ’
778 1679 903 1748 ἐσχάραις

384 1764 458 1834 ἕξειν,
472 1764 517 1835 ὑφ’
531 1765 618 1819 ἀστῶν
629 1765 691 1834 τῇδε
702 1766 920 1835 τιμαλφουμένας.

171 1876 263 1948 Haec
285 1901 305 1946 e
327 1880 501 1948 contraria
525 1888 626 1970 parte
650 1879 863 1970 respondent
889 1881 941 1959 iis,
960 1879 1089 1971 quibus
1113 1881 1217 1952 initio

170 2016 233 2064 sua
249 2017 396 2064 munera
414 1994 550 2064 Chorus
568 2001 790 2064 enarraverat
801 2003 831 2062 P:

382 2139 448 2210 ἄτιμ’
461 2140 548 2194 ἀτίετα
551 2181 644 2194 ......

379 2228 448 2298 λάχη
461 2227 525 2281 θεῶν
537 2225 730 2296 διχοστατοῦντ’
743 2226 839 2300 άνηλίιρ
851 2227 950 2296 λάμπᾳ,

380 2313 593 2368 δυσοδοπαίπαλα
605 2312 781 2383 δερκομένοισι
793 2313 834 2365 καὶ
847 2312 1021 2382 δυσομμάτοις
1033 2312 1109 2384 ὅμως.

170 2435 360 2521 Videlicet,
379 2463 459 2530 quae
476 2441 571 2531 prius
589 2440 685 2508 omni
702 2439 846 2530 regione
863 2438 1092 2531 vagabantur,
1110 2462 1218 2510 vena·

168 2555 324 2625 tionibus
348 2557 430 2625 diris
456 2557 615 2637 intentae,
633 2556 675 2624 iis
694 2556 770 2646 jam
797 2561 929 2623 certam
950 2553 1114 2624 Minerva
1139 2556 1218 2646 pol-

167 2671 295 2739 licetur
312 2671 469 2752 domum,
476 2671 617 2761 jusque,
629 2677 671 2737 ut
691 2671 743 2738 ita
760 2671 886 2750 dicam,
900 2670 1053 2740 civitatis
1066 2669 1213 2742 Atticae.

214 2784 362 2863 Iterum,
374 2784 485 2852 rniuas
499 2783 741 2874 ingerentibus
754 2784 877 2852 eadem
891 2783 1051 2866 formula,
1064 2786 1123 2875 qui
1137 2808 1216 2856 mos

168 2908 222 2969 est
239 2898 551 2980 stomachantibus,
567 2898 764 2989 praesertim
782 2899 1024 2990 grandioribus
1040 2908 1137 2981 natu,
1152 2923 1215 2970 au·

167 3031 228 3108 get
252 3015 431 3106 promissa,
450 3014 744 3083 desideratissimo
768 3013 911 3082 cumulo
935 3014 1116 3085 societatis
1142 3038 1214 3086 suae

88 3190 90 3199 l
168 3139 206 3199 et
224 3140 430 3200 caeterorum
450 3125 645 3198 Deorum‘l:

378 3257 452 3326 κοίμα
463 3256 579 3310 κελαίνου
592 3255 702 3325 κάματος
712 3258 805 3326 πικρὸν
815 3256 900 3325 μένας,

378 3344 412 3399 ὥς
424 3343 577 3411 σεμνότιμος
588 3342 629 3395 καὶ
641 3341 796 3412 ξυνοικήτωρ
809 3343 873 3410 ε’μοί·

376 3432 478 3498 πόλλης
490 3430 518 3483 δέ
529 3431 616 3499 χώρας
627 3429 699 3498 τῆσδ’
713 3429 748 3483 ἐτ’
761 3429 901 3499 ἀκροθίνια,

374 3514 423 3584 θύη
435 3518 486 3585 πρὸ
497 3515 595 3569 παίδων
606 3516 648 3568 καὶ
659 3517 786 3586 γαμηλίου
798 3515 900 3578 τελους,

376 3598 465 3673 ἔχουσ’
478 3602 504 3658 ἐς
515 3599 564 3656 αίει
576 3601 642 3656 τόνδ’
656 3602 798 3659 ἐπαινέσεις
810 3604 899 3673 λόγον.

167 3722 352 3795 Habemus
373 3733 410 3794 et
431 3725 489 3794 hic
511 3723 725 3819 ἀντίστροφα
750 3747 970 3815 eorumquae
993 3724 1038 3793 de
1057 3745 1095 3794 se
1119 3725 1209 3795 ceci-

165 3849 290 3910 nerant
308 3839 421 3909 Furiae
432 3849 464 3909 r:

375 3984 551 4055 γιγνομέναισι
562 3985 631 4054 λάχη
644 3983 697 4036 τάδ’
711 3982 753 4053 ἐφ’
766 3983 827 4052 ἁμὶν
838 3982 954 4053 ἐκράνθη·

376 4068 506 4123 ἀθανάτων
517 4068 538 4122 δ’
551 4068 657 4138 άπέχειν
668 4068 755 4138 χέρας,
768 4067 827 4121 οὐδέ
840 4090 878 4124 τις
890 4068 948 4123 ε’στί

200 4230 300 4283 ”Eunu
315 4242 375 4299 797.
482 4229 571 4284 θΙοία.
585 4230 646 4300 807.
752 4228 847 4282 Ποία.
860 4229 922 4297 388.
1037 4228 1207 4299 rItid.835.

164 4315 335 4384 rIbid.348.
