2768 4876
173 338 267 382 11111.
277 339 386 381 1111111.
397 319 572 402 presertim
582 319 662 402 qood
670 319 714 381 od
724 319 1013 402 Iasarorumpoeaos
1023 315 1137 399 11111111.
1155 319 1218 387 797

315 484 416 538 Inclusi
428 503 535 554 poenam
546 493 700 555 expectant:
720 503 754 539 ne
766 503 855 556 quaere
867 484 956 540 doceri

315 570 405 629 Quam
417 590 534 642 poenam,
547 580 593 626 aut
605 589 666 643 quae
677 572 763 625 forma
774 573 846 626 viros
858 572 1001 625 fortunave
1012 573 1112 625 mersit.

174 680 372 765 Videtisne,
401 706 470 774 quo
495 693 606 766 metu,
633 708 737 774 quam
762 684 925 778 religiosa
949 686 1140 773 formidine
1165 707 1218 753 re·

173 797 304 890 fugerit
323 798 445 882 Poeta,
463 799 567 869 simul
585 801 627 869 ad
652 823 695 870 ea
711 810 856 869 ventum
875 800 990 880 fuerit,
1009 824 1089 891 quae
1107 800 1219 892 plera-

173 936 242 1004 que
260 913 429 984 divinitus
451 915 555 985 celari
579 916 821 985 intellexerit?
847 914 1073 985 AEtemitatis
1096 925 1217 986 autem

173 1029 232 1119 qui
251 1029 359 1100 fuerit
376 1029 427 1099 illi
445 1053 578 1113 sensus,
597 1033 727 1102 indicio
740 1032 810 1100 sint
829 1054 966 1122 eaquae
985 1033 1029 1100 de
1042 1033 1217 1103 moenibus

172 1143 280 1214 babet
297 1146 512 1216 formidolosi
529 1147 623 1216 illius
641 1148 788 1216 carceris
805 1156 829 1215 ⁸.

312 1280 392 1334 Porta
404 1280 522 1345 adversa,
534 1282 639 1353 ingens,
652 1281 789 1352 solidoque
801 1281 940 1335 adamante
952 1283 1092 1345 columnae,

313 1366 362 1420 Vis
374 1376 405 1421 ut
418 1369 491 1422 nulla
501 1369 598 1432 virum,
611 1386 667 1422 non
678 1369 730 1438 ipsi
741 1367 894 1422 exscindere
906 1369 975 1422 ferro

314 1451 445 1508 Caelicolae
457 1455 569 1509 valeant.

172 1567 255 1637 Non
281 1591 351 1660 quo
377 1569 467 1639 ullos
494 1571 672 1661 putaverit
698 1570 866 1639 terminos
892 1570 974 1660 poni
1000 1567 1215 1660 Superorum

169 1685 353 1774 potentiae,
371 1686 431 1754 sed
450 1685 603 1754 indicare
620 1684 743 1766 voluit,
759 1685 874 1766 credo,
894 1685 964 1753 vim
984 1707 1025 1754 ac
1042 1685 1215 1753 rationem

169 1797 281 1869 futuri
303 1801 486 1892 temporis,
513 1801 675 1870 immensi
700 1799 804 1891 plane
828 1799 1003 1889 nullisque
1029 1822 1074 1868 ne
1095 1822 1115 1868 a
1137 1800 1215 1870 Diis

171 1915 314 2005 quidem
345 1914 517 1986 limitibus
551 1915 883 1985 circumscribendi:
924 1915 1051 1984 deinde
1085 1915 1216 2007 signifi-

171 2032 275 2114 cavit,
297 2055 378 2101 cum
397 2055 439 2102 eo
462 2055 602 2124 prorsus
619 2033 747 2122 aequari
764 2031 1013 2101 sceleratorum
1033 2030 1213 2122 supplicia.

171 2146 395 2219 Sententiam
425 2172 503 2218 eam
531 2149 724 2219 Platonicis
754 2170 836 2217 cum
866 2147 987 2239 primis
1015 2149 1212 2232 convenire,

170 2263 347 2358 intelliget
377 2267 437 2356 qui
467 2265 564 2334 volet
599 2266 695 2334 adire
725 2264 782 2334 vel
813 2262 997 2333 Πολιτείαν
1028 2264 1102 2354 ejus
1131 2264 1214 2334 Phi·

169 2378 317 2473 losophi,
345 2381 403 2451 vel
433 2405 576 2452 aureum
606 2380 706 2450 illum
738 2380 867 2450 librum
897 2380 955 2470 qui
986 2377 1135 2472 Gorgias
1160 2381 1213 2449 in·

169 2497 343 2567 scribitur.
396 2498 466 2568 Sed
485 2521 549 2568 nos
572 2496 640 2569 boc
658 2505 817 2588 tempore
835 2519 904 2564 non
924 2505 997 2564 tam
1016 2495 1212 2592 quaerimus,

168 2613 254 2703 quid
289 2615 333 2683 de
363 2615 468 2683 rebus
501 2613 585 2705 ipsis
616 2613 797 2692 senserint,
834 2633 937 2701 quam
972 2633 1042 2701 quo
1069 2609 1212 2701 pudore,

168 2749 239 2819 que
267 2729 475 2811 reverentia,
510 2728 617 2797 fuerit
656 2726 700 2795 ad
736 2748 795 2795 eas
828 2734 978 2815 uterque
1020 2744 1212 2816 aggressus.

168 2842 346 2913 Novimus
371 2853 502 2923 autem,
529 2842 627 2912 nulla
652 2843 763 2934 magis
786 2843 823 2909 in
846 2840 994 2908 materie
1016 2837 1230 2930 periculum·

167 2958 243 3027 fieri
270 2958 364 3029 illius
389 2959 542 3051 pudoris,
572 2982 678 3049 quam
704 2957 765 3027 ubi
792 2957 836 3025 de
862 2955 989 3024 Inferis
1015 2963 1069 3024 est
1095 2954 1213 3045 dispu-

167 3074 327 3157 tandum,
340 3082 377 3144 et
395 3076 439 3143 de
453 3073 580 3143 ultima
590 3075 748 3142 omnium
759 3071 966 3141 formidine:
991 3092 1060 3161 quo
1074 3070 1212 3161 dignior

167 3187 213 3256 sit
240 3188 336 3256 omni
360 3187 464 3256 laude
483 3186 662 3279 Virgilius,
686 3187 746 3277 qui
772 3188 831 3277 pia
852 3185 1004 3276 quedam
1025 3184 1212 3274 prudentia

165 3301 254 3370 nihil
285 3302 397 3372 ferme
427 3303 471 3371 de
505 3326 569 3372 suo
604 3303 778 3371 addiderit
805 3302 958 3392 antiquis
992 3301 1036 3369 de
1065 3298 1210 3368 infando

166 3440 305 3488 carcere
336 3418 498 3511 auguriis,
527 3417 588 3486 sed
615 3417 738 3486 eadem
775 3417 881 3484 modo
915 3415 1101 3496 ornaverit,
1133 3437 1209 3505 quae

164 3535 327 3604 noverint
346 3555 467 3603 omnes
485 3535 519 3601 in
539 3532 665 3625 vulgus
683 3533 785 3601 tradi.

214 3648 352 3719 Verum
371 3670 416 3716 ne
434 3649 470 3716 in
493 3648 638 3739 singulis
663 3669 851 3726 moremur,
869 3645 967 3732 illam
984 3645 1114 3734 ubique
1131 3665 1209 3713 sen-

164 3762 314 3832 tentiam
339 3770 454 3832 servat
478 3765 522 3832 de
543 3763 712 3855 religiosis
737 3771 774 3831 et
798 3760 940 3832 aeternis
960 3760 1074 3840 rebus,
1102 3779 1208 3848 quam

163 3875 238 3966 ipse
248 3898 312 3967 per
321 3875 528 3969 Allegorian
540 3878 715 3968 quandam
727 3875 913 3969 deSibylla
925 3874 1209 3944 vaticinantedo-

162 3990 247 4058 cuit.
291 3990 434 4083 Nempe
456 3992 492 4059 in
513 3993 737 4082 proverbium
754 3994 828 4061 fere
851 3991 1014 4060 abierunt
1032 3987 1115 4058 folia
1132 3987 1208 4078 ejus

161 4104 288 4176 divinis
309 4107 521 4178 carminibus
548 4108 726 4199 inscripta,
749 4115 927 4198 ventoque
949 4105 1019 4174 huc
1042 4102 1127 4173 illuc
1149 4125 1209 4172 vo·

578 4307 592 4336 ²
604 4300 671 4355 AEn.
684 4300 709 4353 6.
723 4314 785 4370 552.
