2768 4876
83 370 211 414 Pane.
219 370 318 412 xxxv.
365 350 538 434 prasertim
554 347 605 412 ott
620 350 692 412 oitoe
705 358 811 412 sonem
826 349 970 433 deplorat.
1102 349 1166 418 699

90 547 193 594 sese
222 525 420 593 exercuisse
446 525 484 591 in
510 545 552 591 ea
577 524 734 592 materia.
787 523 941 613 Campus
969 523 1026 592 hic
1055 524 1166 591 lernae

99 638 291 707 mobilium
317 647 372 706 est
396 637 597 716 Poetarum,
620 646 660 705 ut
686 637 815 705 naenias
841 646 969 705 canant
994 659 1034 704 ac
1053 638 1167 726 queri-

96 753 254 820 monias
272 752 316 820 de
332 753 411 821 vitae
428 751 514 822 flore
532 750 645 845 fragili
665 775 705 820 ac
723 750 867 819 caduco.
908 749 1028 818 Habet
1046 760 1165 818 autem

110 864 307 934 Lucretius
333 875 453 934 noster
475 865 573 946 illud,
592 866 627 932 ni
651 864 761 943 fallor,
789 865 968 954 proprium
994 886 1035 931 ac
1061 864 1166 931 modo

108 1005 189 1050 nou
210 981 395 1074 singulare,
415 981 508 1071 quod
534 1005 603 1050 non
626 991 700 1050 tam
725 980 849 1048 breves
870 989 906 1048 et
928 988 1095 1071 angustos
1116 980 1168 1046 in-

107 1108 218 1167 cuset
236 1099 304 1169 aevi
322 1099 355 1166 in
376 1099 477 1168 terris
501 1097 627 1190 agendi
655 1097 796 1176 limites,
815 1119 921 1186 quam
947 1097 1061 1187 ipsum
1086 1097 1168 1165 vitae

107 1212 222 1305 liujus
248 1223 391 1295 statum,
411 1213 464 1282 vel
491 1214 625 1305 optime
648 1222 755 1282 actae:
783 1214 966 1305 significet,
989 1235 1064 1279 rem
1088 1234 1167 1280 eam

113 1328 308 1418 unicuique
327 1327 509 1396 hominum
534 1336 571 1396 et
594 1327 711 1408 fuisse,
730 1337 767 1395 et
785 1328 858 1395 fore
876 1349 1023 1417 semper,
1041 1325 1169 1394 moles-

118 1444 255 1512 tissimo
283 1445 440 1512 omnium
469 1443 576 1512 oneri.
632 1442 890 1523 Recordamini,
918 1444 1015 1511 verbi
1044 1444 1167 1534 gratia,

117 1581 223 1648 quam
265 1558 397 1628 fuerint
435 1558 561 1627 horum
599 1556 785 1628 dissimiles
820 1560 863 1628 de
898 1569 1012 1627 morte
1047 1558 1168 1627 Bionis

123 1672 232 1767 Elegi,
250 1673 443 1742 dulcissimi
462 1674 606 1765 quidem
624 1683 721 1742 certe
733 1671 759 1741 ¹¹.

258 1813 288 1869 αι’
296 1813 331 1879 αἶ,
344 1819 385 1889 ταὶ
397 1818 513 1886 μαλαχαὶ
525 1817 572 1886 μὲν
584 1819 648 1871 ἕπαν
659 1819 723 1870 κατὰ
736 1819 816 1871 κᾶπον
828 1816 947 1878 ὄλωνται,

258 1900 274 1968 ἢ
287 1903 318 1954 τὰ
330 1905 421 1971 χλῶρα
435 1902 535 1965 σέλινα,
549 1903 589 1955 καὶ
602 1903 717 1965 εὐθαλὲς,
730 1906 808 1956 ου”λον
819 1903 921 1970 ἄνηθον,

260 1985 372 2058 ὕστερον
383 1987 415 2042 οὗ
428 1990 525 2054 ζώοντι,
538 1990 579 2041 καὶ
592 1989 627 2044 εἶς
639 1989 697 2044 ἔτος
708 1989 775 2042 ἀλλὸ
788 1988 889 2059 φύοντι·

258 2073 339 2141 ἅμμει·
351 2073 383 2137 δ’,
397 2076 420 2126 ol
432 2076 541 2145 μεγάλοι
554 2076 594 2127 καὶ
608 2076 726 2144 καρτεροὶ
738 2074 753 2142 ἢ
767 2077 850 2145 σοφοὶ
862 2076 960 2144 ἄνδρες,

262 2158 359 2213 ὅπποτε
370 2164 455 2230 πρᾶτα
468 2162 590 2231 θάνωμες,
603 2162 705 2214 ἀνάκοοι
718 2162 745 2215 ἐν
756 2162 831 2231 χθονὶ
843 2164 918 2232 κοίλᾳ

261 2248 365 2315 ettam
377 2246 405 2300 εὖ
416 2250 486 2316 μάλα
498 2251 596 2317 μακρὸν
607 2248 735 2317 ἀτερμόνα
747 2247 869 2319 νήγρετον
880 2248 967 2303 ὕπνον.

122 2376 290 2460 Queritur
314 2377 523 2468 praeteriisse
546 2386 689 2446 aetatem
712 2388 785 2447 tarn
810 2381 902 2462 cit03
928 2379 1061 2450 nullam
1084 2383 1168 2464 fore,

120 2492 229 2562 semel
251 2493 408 2585 sepultis,
433 2494 469 2561 in
493 2493 609 2562 lucem
633 2494 801 2563 redeundi
830 2494 1020 2566 licentiam.
1073 2497 1168 2567 Illud

119 2609 223 2702 longe
257 2610 440 2679 molestius
471 2619 577 2693 tacet,
607 2633 651 2678 ne
686 2611 779 2678 inter
810 2611 996 2681 fruendum
1025 2614 1168 2703 quidem

119 2726 202 2795 satis
220 2733 382 2795 constare
401 2727 601 2795 viventibus
619 2728 703 2796 vitae
722 2749 792 2795 suae
809 2727 975 2796 fructum.

168 2840 279 2911 Porro
296 2843 347 2910 ita
364 2842 525 2934 fungitur
542 2841 657 2911 officio
684 2841 847 2933 lugentia,
862 2850 902 2911 ut
918 2844 1030 2912 otiose
1048 2852 1169 2912 tamen

121 2966 157 3027 et
183 2955 373 3047 tranquille
404 2959 544 3048 spatiari
578 2957 739 3026 videatur
769 2958 803 3025 in
835 2978 973 3027 amoeno
1000 2982 1041 3028 ao
1067 2958 1168 3027 viridi

118 3073 221 3142 loco:
252 3095 333 3141 cum
366 3072 458 3164 apud
489 3071 694 3140 Lucretium
726 3094 780 3140 res
812 3081 970 3140 narretur
1000 3073 1169 3141 inornatis

119 3198 226 3279 atque
252 3189 399 3280 propriis
425 3188 549 3269 verbis,
568 3189 640 3256 ritu
666 3209 799 3267 eorum,
819 3187 889 3277 qui,
909 3188 991 3277 quid
1019 3188 1084 3255 sibi
1112 3210 1169 3255 ve-

119 3303 196 3384 lint,
215 3301 320 3395 pleno
340 3304 459 3382 corde,
477 3310 668 3394 pervagato
687 3323 859 3383 sermone,
879 3301 1039 3370 efferunt.

170 3416 294 3509 Pergit
312 3418 489 3498 videlicet,
509 3419 633 3488 eodem
652 3441 722 3508 quo
740 3418 836 3507 prius
860 3426 993 3487 tenore.
1046 3417 1168 3508 Atque

123 3537 408 3605 animadvertatis
427 3535 543 3616 velim,
563 3535 779 3615 Academici,
800 3536 922 3625 quanti
945 3536 989 3603 sit
1007 3535 1169 3604 habenda

124 3648 180 3718 illa
200 3651 386 3720 verborum
404 3652 501 3742 quasi
519 3654 656 3730 λιτοτῆι
667 3660 690 3720 ⁰.

262 3794 323 3849 Exit
337 3814 407 3865 saepe
419 3797 490 3849 foras
503 3796 607 3866 magnis
621 3813 652 3848 ex
665 3795 768 3849 aedibus
781 3796 833 3856 ille,

263 3881 329 3935 Esse
342 3882 414 3935 domi
427 3900 507 3952 quem
518 3891 661 3950 pertaesum
675 3883 718 3944 'st,
733 3881 873 3951 subitoque
886 3880 1006 3942 revertit;

263 3966 368 4038 Quippe
381 3969 444 4022 foris
457 3967 540 4022 nihilo
553 3969 648 4021 melius
660 3969 706 4039 qui
719 3968 813 4021 sentiat
826 3984 892 4019 esse.

263 4053 353 4106 Currit
366 4072 447 4125 agens
459 4072 572 4107 mannos
586 4054 619 4108 ad
631 4055 719 4108 villam
732 4055 775 4107 hic
788 4054 990 4123 praecipitanter,

261 4137 398 4192 Auxilium
410 4140 486 4193 tectis
500 4140 575 4210 quasi
587 4139 653 4192 ferre
666 4132 819 4193 ardentibus
834 4139 936 4193 instans
949 4159 955 4190 :

91 4356 98 4373 ¹
193 4350 206 4389 t
223 4351 329 4406 Mosch.
343 4353 419 4422 Idyll.
435 4371 460 4423 3.
478 4352 535 4406 106.
820 4361 832 4388 ⁰
852 4352 930 4406 Lucr.
945 4370 970 4422 3.
987 4367 1062 4424 1072.
