2768 4876
167 315 231 383 494
326 312 375 376 Do
389 312 537 374 Ρναοοιιο
550 319 579 374 ot
592 309 802 394 Jurejuruodo
820 309 983 394 Θίμυιρίοο.
1028 330 1124 374 rum.
1136 332 1213 374 xxv.

166 480 299 564 Quidni
317 503 360 549 eo
377 479 535 551 alluserit
553 480 736 562 Pindarus,
756 488 834 550 tum
851 479 920 561 hio,
938 489 1016 550 tum
1042 481 1103 550 ubi
1121 481 1214 551 uelo-

166 595 245 666 brut
263 592 495 678 Arcesilumd,

553 733 646 804 ἔχοντα
657 733 811 789 Πυθάνοθεν

376 820 406 873 τὸ
419 819 566 873 καλλίνικον
577 817 700 889 λυτήριον
711 819 826 874 δαπανᾶν

375 904 457 974 μελος
467 907 566 976 χαρίεν,

166 1036 245 1097 tum
261 1026 392 1119 alioqui
409 1052 480 1097 non
498 1027 631 1099 semel?
673 1028 805 1098 Docuit
822 1027 988 1098 videlicet
1005 1051 1087 1099 eum
1107 1032 1212 1124 scrip

166 1151 292 1227 torem,
323 1144 380 1213 uui
414 1167 489 1235 prae
519 1145 654 1214 coeteris
686 1144 754 1213 fuit
784 1145 820 1213 in
852 1144 985 1215 deliciis
1015 1168 1071 1216 res
1099 1149 1211 1218 omnis

166 1255 365 1349 Olympius,
382 1278 464 1324 oum
482 1255 664 1348 voluptate
682 1256 834 1346 quadam
859 1256 1061 1326 meminisse
1088 1265 1212 1328 uentus

166 1373 285 1453 etium,
303 1372 363 1462 qui
381 1372 426 1441 ad
443 1393 526 1440 eum
550 1370 667 1440 locum
690 1371 902 1462 pertinebat.
954 1370 1099 1465 Verum,
1119 1373 1211 1463 quod

165 1489 209 1558 ad
227 1509 422 1580 praeconem
441 1486 580 1569 attinet,
594 1486 715 1556 audite
732 1509 827 1556 nuno
844 1486 1125 1580 elegantissimos
1138 1511 1211 1558 ver-

166 1625 224 1674 sus
234 1613 248 1645 ²
260 1628 268 1672 ι

376 1697 400 1751 εί
411 1696 433 1751 δ’
447 1695 544 1767 ε’τάμως
554 1697 604 1751 ὑπὸ
618 1697 755 1751 Κυλλάνας
766 1694 837 1767 θροις

374 1783 487 1856 Ἀγησία
498 1784 613 1854 μάτρωες
625 1784 715 1855 ἅνδρες

376 1870 540 1935 ναιετάοντες,
553 1871 687 1940 ἐδώρησαν
699 1870 763 1925 θεῶν
774 1871 870 1941 κάρυκα
880 1872 965 1927 λιταῖς
976 1870 1087 1935 θυσίαις,

375 1958 464 2011 πολλὰ
475 1956 506 2025 δὴ
518 1959 668 2021 πολλοῖσιν,
680 1955 786 2028 Ἐρμᾶν,
799 1956 972 2021 εὐσεβέως·-

166 2079 345 2170 (Pulchre,
366 2088 408 2149 ut
434 2091 510 2149 erut
536 2080 659 2151 talium
687 2101 806 2149 rerum
831 2080 1073 2170 peritissimus,
1098 2083 1212 2175 tangit

166 2197 241 2288 ejus
265 2195 329 2264 viri
355 2196 562 2287 prosapiam,
580 2196 688 2281 domi,
706 2217 786 2265 suus
811 2195 904 2264 intra
928 2205 1079 2278 montes,
1096 2198 1213 2268 fruen-

165 2320 241 2380 tem
266 2309 356 2378 ruris
380 2308 572 2381 honoribus
597 2319 635 2379 et
660 2311 755 2380 avita
779 2309 960 2404 religione.
1014 2311 1125 2381 Porro
1153 2337 1214 2383 uu-

167 2436 251 2508 tem,
264 2426 446 2494 nominato
465 2424 657 2509 Mercurio,
671 2426 835 2496 meminit
852 2428 973 2496 statim
989 2427 1103 2498 Poeta
1119 2428 1213 2500 illius

166 2543 345 2635 praeconis,
362 2542 422 2632 qui
440 2564 527 2611 voce
543 2539 713 2635 Agesiam
733 2564 805 2611 non
829 2543 880 2612 ita
903 2544 1039 2635 pridem
1058 2545 1214 2616 celebra·

166 2664 285 2738 verut3
312 2656 457 2746 ejusque
482 2665 608 2748 partes,
628 2657 722 2726 felini
747 2658 899 2748 quadam
920 2661 1084 2741 versutia,
1103 2668 1214 2731 trans·

166 2772 235 2842 fert
252 2773 297 2842 ad
315 2770 475 2841 Deorum
491 2795 689 2864 praeuunem
703 2776 780 2865 ;)-

376 2906 405 2964 δς
416 2907 515 2981 άγωνας
527 2909 590 2980 ἔχει,
602 2911 694 2980 μοῖράν
705 2907 727 2964 τ’
741 2908 840 2963 ἀέθλων

375 2995 512 3067 Ἀρκαδίαν
524 2994 546 3050 τ’
559 2996 667 3067 εὐάνορα
679 3000 747 3067 τιμᾷ·
766 2999 856 3060 κεῖνος,
869 2996 890 3050 ὦ
901 2999 949 3050 παῖ
960 2999 1124 3068 Σωστράτου,

377 3083 426 3138 σὺν
436 3081 610 3157 βαρυγδούπῳ
622 3084 716 3154 Πατρὶ,
729 3084 823 3154 κραίνει
836 3082 913 3139 σέθεν
925 3084 1053 3155 εὐτυχίαν.

167 3196 232 3267 Est
248 3196 310 3266 ubi
327 3198 495 3288 praeuonis
513 3196 667 3266 officium
685 3197 751 3267 sibi
770 3197 879 3267 etiam
896 3193 1077 3268 vindicatf.

377 3331 560 3403 θεανδρίδαισι
572 3331 594 3386 δ’
607 3332 742 3402 ἀεξιγυίων
753 3330 853 3387 ἀέθλων

376 3419 456 3489 κάρυξ
469 3421 569 3487 ἑτοῖμος
581 3419 652 3483 ἔβαν,

376 3503 506 3574 Ὀλυμπίᾳ
516 3528 546 3561 τε
558 3505 599 3558 καί
610 3503 713 3574 Ἰσθμοῖ
725 3506 811 3576 Νεμέᾳ
823 3528 852 3560 τε
864 3505 1025 3575 συνθέμενος.

215 3635 338 3727 Atque
359 3636 467 3705 etiam
490 3635 574 3705 huic
599 3636 720 3729 generi
738 3636 886 3707 fortasse
902 3660 974 3706 non
991 3636 1085 3706 male
1103 3638 1213 3730 depu-

165 3758 219 3821 tet
245 3751 370 3843 uliquis
385 3751 627 3844 jurisjurandi
652 3753 804 3844 suseepti
832 3753 1062 3834 mentionem,
1084 3775 1106 3822 a
1129 3752 1214 3821 Pin-

165 3866 249 3936 daro
278 3890 350 3936 non
384 3867 494 3938 semel
524 3867 703 3958 injectam.
757 3867 900 3936 Etenim
931 3865 1120 3959 Olympiae,
1150 3866 1213 3936 iiio

165 3991 336 4075 tempore,
355 3983 657 4073 frequentissimus
679 3990 755 4051 erat
774 3980 1002 4073 jurisjurandi
1028 4003 1133 4052 usus:
1155 3982 1215 4073 ju-

165 4096 232 4166 rati
248 4119 320 4166 non
340 4099 446 4167 modo
466 4097 605 4189 judices
624 4096 842 4188 judicabant,
862 4096 1113 4165 verumetiam
1131 4118 1214 4166 uun·

234 4307 245 4336 ⁶
266 4307 342 4375 Pyro.
360 4323 459 4373 5.141.
611 4316 621 4338 ⁶
642 4309 682 4361 Ol.
698 4308 732 4361 vi.
750 4323 807 4377 130.
957 4305 967 4342 f
986 4306 1060 4358 Nem,
1074 4325 1099 4372 4.
1117 4322 1177 4375 1¹9·
