2768 4876
171 310 237 378 aos
333 259 971 394 auumanaauuoaauas
1044 333 1217 378 pamm.

172 480 280 550 etiam
298 481 335 548 in
353 479 570 551 Eumenidis.
618 481 780 565 Quarum·
794 489 836 551 ut
852 482 982 551 rectius
999 480 1220 575 intelligatur

171 594 232 676 vis,
263 595 504 678 recordamini,
534 617 665 687 quaeso,
694 597 931 688 quantumin
963 595 1017 666 his
1047 598 1152 667 rebus
1182 597 1219 666 id

170 709 296 790 valeat,
313 710 409 779 utin
425 733 535 781 unum
554 711 673 782 locum
691 711 903 805 colligantur
920 712 1086 802 dispersae
1103 713 1219 806 regio·

167 827 222 896 nis
244 826 415 918 cujusque
443 825 641 919 religiones,
662 835 701 896 et
728 849 774 896 ex
801 849 873 895 nno
895 827 994 917 quasi
1018 826 1118 896 fonte
1144 848 1221 897 ma·

168 949 256 1011 nent
276 963 527 1033 usquequaque
551 941 590 1011 in
609 942 815 1010 universum
835 941 1018 1031 populum.
1071 941 1218 1034 Nempe

169 1077 212 1124 eo
241 1056 348 1125 modo
382 1064 532 1126 cernunt
566 1078 688 1126 omnes
722 1076 923 1148 expressam
953 1057 1215 1147 quodammodo

169 1171 313 1261 pietatis
326 1172 486 1254 formam,
509 1172 570 1263 qui
587 1172 683 1263 prius
701 1171 806 1264 longe
831 1171 974 1262 lateque
987 1173 1219 1264 vagabantur,
1280 1193 1284 1201 ·

170 1295 209 1355 et
233 1287 270 1354 in
296 1285 365 1357 alia
381 1288 500 1358 omnia
516 1287 670 1357 abibant.
723 1285 781 1356 Ita
803 1295 930 1357 natura
947 1288 1139 1378 comparati
1162 1311 1220 1358 su·

169 1422 259 1482 mus,
276 1409 318 1470 ut
333 1424 463 1494 magna
482 1401 640 1472 locorum
657 1400 710 1470 ris
727 1402 783 1482 sit,
800 1424 842 1471 ac
865 1423 965 1492 paene
990 1401 1216 1486 incredibilis,

169 1536 240 1583 non
265 1517 440 1587 modoad
465 1537 584 1586 rerum
610 1514 719 1584 semel
744 1514 897 1586 visarum
922 1517 1139 1595 memoriam,
1158 1541 1220 1588 re-

169 1651 249 1698 rum
274 1630 383 1700 etiam
408 1630 455 1700 ad
479 1629 587 1700 fidem
612 1628 822 1711 absentium,
849 1651 1041 1721 earumque
1067 1653 1145 1721 quae
1171 1652 1217 1699 ex

169 1753 362 1836 conspectu
387 1744 590 1840 longissime
615 1752 698 1814 sunt
724 1745 857 1836 positae.
902 1744 1030 1837 Itaque
1052 1745 1217 1827 multum,

168 1861 279 1930 immo
304 1861 495 1952 plurImum
517 1860 658 1930 valebat
678 1860 735 1931 vel
761 1883 893 1931 nomen
918 1860 1032 1930 solum
1051 1859 1218 1952 Delphici

169 1975 270 2046 istius
294 1976 412 2068 adyti3
437 1982 479 2043 ut
500 1997 543 2044 eo
566 1974 698 2052 andito,
722 1973 774 2043 illi
798 1976 917 2056 etiam,
935 1966 996 2066 qui
1021 1974 1140 2045 locum
1166 1975 1220 2067 ip·

169 2113 248 2160 sum
270 2089 369 2160 nullo
387 2110 543 2180 unquam
563 2096 723 2180 tempore
747 2090 969 2182 conspecturi
987 2098 1115 2173 essent,
1133 2090 1218 2160 faci·

169 2204 237 2276 lius
254 2205 370 2275 multo
386 2205 430 2274 ad
456 2203 653 2298 religiones,
671 2214 709 2275 et
732 2205 777 2275 ad
803 2228 936 2276 sacram
962 2206 1127 2297 piamque
1150 2207 1219 2275 for·

168 2321 339 2391 midinem
365 2319 594 2393 flecterentur
618 2321 766 2390 animis:
799 2321 975 2390 formabat
1001 2321 1098 2389 enim
1122 2322 1218 2393 intus

169 2436 236 2506 sibi
265 2435 413 2527 quisque
442 2436 633 2528 imaginem
663 2435 839 2528 quandam
869 2435 1028 2506 locorum
1058 2437 1217 2506 nondum

169 2550 335 2633 visorum,
352 2570 506 2642 quorum
521 2571 588 2643 ope
605 2551 702 2644 leges
722 2552 825 2642 ipsas,
844 2550 1032 2641 divinaque
1053 2573 1219 2642 responsa

169 2665 317 2739 validius
344 2666 526 2760 effingeret
553 2675 591 2737 et
613 2667 650 2736 in
675 2667 833 2735 animum
859 2688 962 2736 suum
986 2666 1216 2757 imprimeret.

168 2781 274 2865 Quod
307 2781 428 2872 siqui
461 2800 618 2872 unquam
648 2780 812 2872 Delphos
843 2782 1044 2862 inviserant,
1076 2781 1217 2871 suisque

168 2896 405 2967 lustraverant
431 2895 541 2966 oculis
566 2901 703 2965 remota
729 2916 770 2965 ac
796 2896 994 2965 veneranda
1020 2894 1107 2976 loca,
1134 2893 1218 2964 Par-

167 3012 260 3083 nassi
280 3011 380 3103 juga,
401 3007 537 3081 fontem
561 3009 738 3092 Castaliae,
762 3031 876 3101 rupes,
899 3017 1011 3091 antra,
1035 3008 1217 3079 lauriferos

167 3125 278 3196 saltus
288 3147 302 3207 ;·
319 3126 527 3196 crediderim
544 3126 722 3217 equidem,
734 3146 855 3195 earum
872 3144 991 3194 rerum
1008 3123 1216 3193 memoriam

167 3263 240 3310 non
269 3242 375 3309 modo
406 3260 545 3331 semper
573 3241 749 3311 haesuram
784 3240 923 3325 animis,
953 3261 1075 3308 verum
1105 3237 1214 3307 etiam

167 3358 264 3426 omni
290 3357 364 3425 vlta
389 3363 664 3447 temperaturam
682 3355 943 3445 quodammodo
969 3374 1069 3423 curas
1095 3361 1133 3421 et
1159 3374 1218 3420 co-

166 3471 357 3564 gitationes
384 3487 518 3551 eorum,
545 3470 639 3560 quod
669 3469 715 3539 ad
744 3492 799 3540 res
829 3491 943 3539 sacras
972 3476 1009 3537 et
1036 3467 1216 3560 religiosas

167 3586 308 3655 attinet.

217 3696 272 3770 Ut
288 3698 377 3769 illud
394 3699 599 3770 omittamus
616 3723 687 3769 non
711 3699 790 3770 leve
813 3722 917 3781 sane3
943 3698 1049 3790 quod,
1069 3704 1108 3764 ut
1126 3704 1213 3766 tunc

166 3824 242 3886 erat
264 3815 412 3896 Graecia,
436 3814 577 3884 illorum
603 3837 743 3906 quoque
771 3817 924 3884 virorum
951 3814 1069 3894 animi,
1092 3811 1153 3902 qui
1179 3832 1217 3880 se

166 3929 332 4000 volebant
349 3951 428 4000 esse
451 3930 488 3999 in
505 3929 685 4020 republica
708 3928 850 4020 aliquid,
877 3930 983 4019 quiue
1009 3927 1130 4019 patriae
1156 3949 1217 3994 cu·

165 4068 240 4114 ram
274 4045 453 4137 gerebant,
479 4045 606 4115 arrecti
640 4044 677 4113 in
711 4043 833 4113 fanum
867 4044 964 4113 istud
994 4065 1035 4113 ac
1064 4041 1214 4132 tripoda,

165 4169 334 4251 tanquam
355 4159 391 4228 in
409 4181 634 4229 communem
654 4158 808 4250 aliquam
833 4158 943 4228 totius
962 4156 1110 4226 Graeciae
1135 4176 1216 4246 pos·

165 4275 365 4354 sessionem,
383 4272 606 4342 tenebantur.
660 4272 816 4366 Magnus
841 4273 896 4342 his
922 4271 1069 4342 accessit
1090 4291 1214 4339 cumu-
