2768 4876
164 301 228 362 450
422 299 471 363 De
485 300 557 363 ιῙοοο
570 299 605 363 dn
619 297 814 384 Suppliciter
827 300 956 364 mitiore.
1014 321 1109 363 rann.
1120 321 1213 365 xxm.

163 470 340 539 immiscet
356 469 528 560 precibus,
545 470 570 540 J
572 493 687 553 ovem,
706 479 747 539 ut
764 471 816 552 fit,
834 470 1024 562 fatigantes
1041 471 1214 542 memoria

163 583 300 673 pristini
331 584 367 652 in
397 605 499 652 suum
529 607 641 677 genus
671 586 831 656 beneficii
845 595 867 653 ⁸.
918 585 1018 654 Γενοῦ
1045 590 1213 667 πολυμνή-

164 727 266 792 στωρ,
281 705 390 778 0rant,
405 694 569 794 ἐφάπτωρ
584 698 680 774 Ἰοῦς.
714 700 774 770 Ne
792 711 913 770 autem
931 702 1112 784 dubitetis,
1127 701 1213 793 quid

164 815 220 894 sit,
238 815 331 904 quod
352 813 490 905 Epaphi
508 822 626 884 crtum
652 815 688 884 in
708 816 859 909 prodigii
886 801 964 885 loco
987 825 1132 907 ponant,
1150 818 1211 886 ad·

166 928 265 1009 dunt,
283 937 422 997 narrato
439 929 535 1020 prius
552 917 677 998 exsilic
696 931 839 1022 virginis
850 930 871 1011 t,

375 1071 416 1123 καὶ
428 1073 487 1124 τότε
498 1071 529 1139 δὴ
542 1071 581 1127 τίς
592 1070 622 1139 ἦν
634 1075 649 1125 ὁ
661 1072 723 1126 θέλ-

376 1161 423 1227 ξας
434 1157 636 1229 πολύπλαγκτον
647 1159 739 1212 ἀθλίαν

375 1244 573 1315 οἰστροδόνητον
583 1244 639 1308 Ἰὠ;

376 1330 437 1384 Ζεύς
449 1329 538 1384 οἶῶνος
550 1329 630 1400 κρέων
641 1329 783 1384 ἀπαύστου·

375 1416 422 1479 βία
433 1413 455 1469 δ
468 1415 605 1490 ἀπημάντῳ
620 1416 706 1471 σθένει

376 1504 417 1556 καὶ
429 1502 508 1559 θείαις
520 1503 661 1558 ἐπιπνοίαις

375 1586 491 1650 παύεται,
504 1586 619 1659 δακρύων
631 1587 653 1640 δ’
665 1587 730 1641 ἀπο-

376 1675 464 1740 στάζει
476 1673 599 1743 πένθιμον
610 1673 683 1727 αἰδῶ.

167 1792 332 1863 Suaviter
349 1794 464 1886 tangit
481 1794 517 1863 id
536 1794 680 1864 solenne
698 1793 962 1878 insanientibus,
977 1796 1072 1887 quod
1086 1800 1213 1869 arescit

166 1908 397 2002 lacrymarum
425 1910 524 1992 fons3
553 1909 612 1999 qui
641 1909 729 1978 adeo
752 1908 883 1978 iterum
910 1933 1098 2002 erumpens
1123 1913 1214 1982 indi-

167 2021 262 2090 cium
279 2023 353 2091 edit
371 2023 478 2092 animi
504 2023 548 2092 ad
575 2046 612 2092 se
638 2023 830 2093 redeuntis.
883 2023 955 2093 Sed
976 2047 1058 2094 cum
1075 2025 1118 2094 Ιο
1135 2024 1214 2117 ρονὲ

166 2160 291 2229 gamus
304 2161 312 2206 t

169 2254 171 2258 ’
377 2252 497 2314 λαβοῦσα
510 2249 532 2304 d'
545 2249 609 2322 ἕρμα
621 2251 676 2304 δῖον
687 2251 799 2322 ἀψευδεῖ
808 2253 918 2324 λύγῳ-

167 2396 314 2486 probato
333 2395 468 2466 scilicet
487 2396 692 2467 Promethei
710 2399 927 2467 vaticinio-

377 2541 479 2612 γείνατο
491 2539 560 2595 παῖδ’
573 2541 688 2612 ἀμεμφῆ,

378 2626 410 2680 δι’
422 2627 513 2682 αἰῶνος
523 2631 621 2698 μακροῦ
631 2629 773 2692 πάνολβον.

170 2755 291 2828 Velim
319 2757 515 2824 accuratius
541 2755 618 2825 haec
645 2755 803 2825 conferat
829 2755 954 2847 aliquis
983 2781 1063 2828 curn
1087 2759 1213 2828 ecdem

168 2871 269 2953 Jove,
287 2870 427 2961 qualem
453 2870 554 2940 nobis
578 2881 662 2940 ante
688 2870 808 2940 oculos
834 2881 999 2964 posuerat
1025 2875 1149 2945 eadem
1172 2874 1214 2943 Ιο

168 2989 205 3058 in
229 2985 442 3056 Prometheo
464 2985 620 3068 Vincto;
646 3009 716 3077 qua
738 2987 932 3056 acerbitate
956 2989 1120 3058 miseram
1147 2990 1215 3059 vir-

168 3105 287 3196 ginem
305 3125 325 3170 e
343 3103 449 3171 domo
466 3102 575 3193 patris
593 3100 723 3193 expelli
735 3102 908 3192 jussisset.
950 3101 1115 3174 Profecto
1133 3127 1215 3174 con-

169 3218 296 3286 ferenti
316 3239 388 3286 non
405 3214 612 3285 incredibile
630 3216 709 3298 erit,
719 3215 897 3307 AEschylo‚
916 3216 1081 3285 scribenti
1097 3215 1215 3288 Ἱκετί-

170 3332 235 3414 δας,
253 3332 412 3425 religioni
436 3331 555 3412 fuisse,
572 3353 652 3421 quae
669 3341 752 3401 ante
770 3333 814 3401 de
832 3340 933 3401 tanto
952 3331 1112 3403 Numine
1130 3333 1216 3403 libe-

170 3449 241 3517 rius
264 3449 457 3538 scripserat.
511 3445 635 3537 quue
656 3447 729 3515 veri
753 3447 900 3516 fortasse
919 3447 1096 3537 judicabit
1122 3447 1217 3518 simi-

171 3563 267 3646 liora,
285 3585 365 3652 quae
382 3586 446 3633 nos
463 3563 559 3655 prius
579 3563 740 3654 augurati
763 3585 894 3646 sumus,
913 3572 992 3632 turn
1009 3563 1054 3632 de
1072 3562 1217 3632 Prome·

170 3679 254 3749 theo
271 3678 407 3761 Soluto,
424 3686 503 3748 tum
520 3679 565 3748 de
582 3677 745 3748 laudibus
762 3677 785 3747 J
788 3679 874 3761 ovis,
888 3677 1011 3748 sedulo
1028 3701 1070 3748 ac
1086 3679 1216 3770 passim

171 3794 330 3886 repetitis
346 3795 384 3862 in
401 3793 686 3887 Agamemnonia
702 3791 866 3885 Trilogia.

226 3908 297 3978 Sed
331 3931 454 3978 vereor
486 3931 533 3977 ne
563 3909 662 3999 justo
701 3906 840 3999 longius
874 3929 1054 3977 versemur
1091 3907 1129 3978 in
1163 3909 1217 3979 his

350 4181 359 4204 ¹
378 4174 441 4242 Sap.
455 4187 516 4242 544.
870 4175 880 4210 t
898 4172 963 4226 Ιδίά
978 4173 1039 4242 580.
