2768 4876
162 316 259 376 rana
272 332 353 373 xxu.
420 309 507 395 quid,
525 308 753 394 Areopagitioae
769 308 879 372 Caria
893 307 1007 372 brada.
1158 310 1222 377 429

160 481 327 571 junctam
346 503 428 550 oum
442 502 524 549 vera
536 502 578 549 ae
592 479 672 548 viva
689 479 843 569 pietate:
867 500 997 570 nempe
1014 478 1223 549 mortalibus

167 618 246 664 raro
280 603 319 664 et
353 583 474 664 invitis
509 592 762 684 disputandum
789 614 866 662 esse
896 593 941 662 de
974 592 1063 686 legis
1096 595 1224 665 diviuae

168 709 375 779 rationibus.
434 707 619 799 Ejusmodi
654 728 770 776 oausae
800 706 924 789 solam,
953 707 981 776 si
1017 708 1223 798 poterimus,

170 823 257 892 faeti
275 823 551 892 controversiam
568 820 827 893 adhibebimus.
867 820 932 890 Sat
949 822 1017 890 erit
1034 805 1146 905 nobis,
1165 822 1225 914 Ip-

170 959 251 1007 sum
269 937 420 1019 dixisse3
445 936 506 1026 qui
523 936 724 1005 tacentibus
739 934 964 1006 homunculis
981 958 1044 1005 suo
1062 946 1224 1029 tempore

163 1051 225 1142 jus
243 1073 346 1119 suum
364 1050 567 1140 plenissime
584 1050 754 1119 tuebitur.

222 1165 332 1233 Porro
350 1186 565 1257 magnopere
582 1165 810 1234 minuebatur
822 1187 939 1234 oausae
956 1164 1100 1248 invidia,
1112 1174 1225 1237 trans-

170 1278 244 1349 lato
276 1281 313 1348 in
342 1278 464 1362 alium,
491 1280 625 1348 nedum
650 1280 687 1348 in
711 1278 842 1361 Deum,
868 1279 1033 1350 horrendi
1061 1280 1224 1351 facinoris

170 1393 378 1484 patrocinio.

217 1508 384 1598 Denique
397 1532 440 1578 eo
457 1509 614 1578 maxime
631 1508 737 1577 modo
751 1508 999 1579 commonendi
1013 1516 1113 1578 erant
1127 1532 1225 1601 spee-

171 1629 315 1702 tatores‚
334 1645 380 1692 ue
405 1630 573 1713 putarent
596 1621 784 1714 disceptari
808 1622 914 1692 hodie
932 1623 977 1692 de
995 1623 1102 1693 solius
1119 1622 1225 1694 Ores-

173 1737 217 1806 tis
230 1738 363 1828 capite3
387 1737 517 1806 seirent
536 1737 663 1828 potius,
678 1759 852 1807 summam
870 1739 1153 1830 gravissimarum
1171 1763 1225 1810 re-

172 1849 344 1943 ligionum
362 1851 432 1943 agi.
477 1851 502 1920 J
503 1873 561 1920 am
576 1851 683 1934 enim,
697 1851 776 1921 Diis
793 1852 910 1944 palam
928 1854 1156 1937 certantibus,
1167 1877 1225 1924 eo·

173 1987 279 2057 quem
310 1973 441 2056 praeter
464 1964 585 2035 Deum
610 1965 769 2035 Deorum
796 1967 1005 2059 cogitamus,
1031 1967 1091 2058 qui
1114 1969 1224 2040 tantis

174 2078 296 2150 litibus
314 2081 420 2174 digne
437 2081 651 2150 intervenire
668 2080 805 2172 possiti

220 2194 277 2265 At
295 2196 401 2278 enim,
420 2195 515 2265 dieat
537 2195 672 2287 aliquis,
691 2195 829 2265 nullum
852 2197 898 2265 ad
924 2218 1056 2266 numen
1077 2197 1119 2267 fit
1144 2220 1225 2289 pro-

175 2313 333 2393 vocatio;
361 2319 513 2392 tantum,
533 2309 711 2382 Minervae
732 2311 888 2393 oonsilio,
907 2311 1137 2405 Areopagitae
1163 2338 1224 2406 ap-

172 2423 361 2515 pellantur.
412 2423 518 2494 Adeo
548 2423 647 2493 nulla
676 2424 846 2516 religione
876 2425 1010 2493 moveri
1036 2426 1137 2494 aiunt
1164 2425 1224 2496 hio

173 2536 369 2628 Tragoediae
386 2546 545 2628 patrem3
571 2537 657 2628 quin
674 2546 796 2628 aperte
814 2545 852 2605 et
869 2535 986 2628 palam
1009 2537 1046 2606 in
1066 2537 1135 2607 alia
1153 2539 1223 2607 duo

175 2652 292 2734 abire3
318 2652 483 2742 primum,
504 2659 545 2720 ut
562 2652 739 2742 propriam
757 2651 935 2742 quandam
953 2659 990 2720 et
1007 2653 1223 2742 praeeipuam

170 2762 319 2851 justitiae
352 2762 494 2832 laudem
522 2761 803 2833 Atheniensibus
834 2764 904 2832 suis
940 2762 1126 2846 oonoiliet;
1164 2764 1225 2833 de-

175 2876 257 2946 inde
291 2885 333 2947 ut
366 2877 523 2968 ipsorum
556 2876 639 2945 fidei
673 2878 900 2946 commendet
935 2875 1224 2970 Areopagiticam

175 2991 272 3062 illam
290 2991 447 3074 Curiam,
468 2991 680 3085 singularem
699 2991 866 3061 videlieet
889 2991 985 3060 urbis
1011 3000 1049 3061 et
1073 2991 1224 3060 tutelam

175 3114 211 3174 et
227 3107 347 3185 decus,
365 3107 465 3198 eujus
490 3129 604 3197 porro,
622 3106 687 3176 sub
708 3129 752 3176 eo
772 3106 848 3197 ipso
866 3114 1036 3196 tempore,
1054 3127 1156 3174 ruere
1182 3128 1224 3175 ao

175 3219 244 3290 labi
271 3244 355 3289 oum
378 3221 534 3290 maxime
559 3222 723 3312 ooepisset
748 3221 949 3290 auotoritas.
1000 3217 1124 3309 Atque
1150 3219 1225 3289 haeo

177 3335 320 3426 quidem
337 3336 388 3404 ita
405 3346 488 3405 sunt
506 3335 597 3405 veris
614 3337 840 3427 proximant
857 3333 1085 3426 religionibus
1103 3342 1224 3404 tamen

176 3448 405 3518 sacrosanotis
422 3449 509 3531 istie,
521 3472 674 3540 vereque
690 3447 895 3540 AEsohyleia
913 3448 1030 3517 looum
1049 3449 1134 3517 satis
1150 3471 1225 3518 am·

174 3562 274 3654 plum
300 3561 511 3653 relinquant.
572 3563 668 3646 Quid
695 3562 800 3645 enim,
823 3564 851 3632 si
878 3561 987 3633 semel
1012 3564 1223 3653 iterumque,

176 3676 397 3746 occasionem
407 3684 532 3746 nactus
544 3685 688 3768 propter
699 3674 865 3746 Orestem
877 3673 1116 3767 Mycenaeum,
1124 3698 1225 3745 orna·

175 3791 267 3860 verit
289 3789 454 3860 laudibus
473 3790 586 3860 Poeta
603 3792 810 3860 societatem
828 3788 1054 3882 Argivorum,
1069 3788 1224 3860 Athenis
1290 3827 1291 3831 =

175 3927 217 3974 eo
239 3911 402 3995 tempore
421 3902 478 3974 vel
500 3927 623 3977 reeens
648 3905 785 3986 initam,
803 3903 860 3972 vel
880 3903 979 3972 brevi
1005 3911 1102 3972 certe
1128 3903 1225 3972 futu-

175 4017 273 4087 ram?
327 4016 422 4099 Quid
450 4018 478 4086 si
505 4017 747 4111 Areopagum,
765 4041 835 4109 quo
862 4039 944 4086 eum
969 4017 1062 4086 ultro
1089 4017 1224 4087 dedux-

173 4140 247 4202 erat
270 4133 388 4223 ipsum
414 4141 584 4224 suseeptae
607 4132 761 4203 historiae
788 4131 898 4213 filum,
917 4132 1035 4201 divina
1060 4131 1223 4200 vaticinio
