2768 4876
172 343 268 386 rasa.
281 343 396 385 xxvnr.
420 321 615 406 &proditur
631 321 795 406 (Edipodis
813 318 955 402 Tyranni
969 315 1103 381 Paluda.
1155 318 1219 385 579

174 494 216 564 Id
234 494 330 584 quod
348 494 385 563 in
404 493 606 563 Homericis
624 492 680 562 vel
698 493 734 561 in
752 489 949 582 AEschyleis
966 490 1026 558 vix
1042 496 1079 558 et
1096 511 1142 557 ne
1159 489 1219 556 vix

174 611 318 702 quidem
336 610 505 679 accidisse
522 608 681 678 arbitror.
733 607 851 690 Quare
869 605 1019 676 divinior
1033 604 1112 673 haec
1131 603 1220 673 Poe·

175 726 220 794 sis
240 719 428 794 intervallo
449 747 520 793 non
546 725 714 792 mediocri
740 723 891 813 separari
909 720 987 790 vult
1004 720 1049 790 ab
1066 719 1127 788 illa
1144 742 1221 788 nar-

176 841 275 910 randi
306 840 442 931 peritia.
505 839 630 931 Atque
658 862 726 931 ego
756 839 804 907 sic
834 845 961 918 statuo,
990 835 1219 905 Academici:

175 955 250 1024 fieri
276 957 444 1047 potuisse,
472 964 512 1023 ut
539 956 576 1024 iu
601 954 728 1024 fabulis
754 975 894 1044 quoque
920 950 1111 1021 condendis
1136 949 1222 1018 emi-

178 1072 295 1140 nuerit
321 1070 508 1162 aliquando
529 1072 649 1140 nativa
665 1071 825 1161 quaedam
839 1069 980 1138 Poenis:
1006 1068 1035 1136 si
1052 1067 1144 1135 forte
1160 1063 1223 1134 ali-

176 1188 254 1277 quis
270 1184 392 1254 indole
408 1185 593 1277 plusquam
612 1185 775 1266 humana,
787 1207 888 1254 casus
900 1184 1093 1264 hominum,
1105 1203 1221 1250 rerum

176 1309 335 1382 eventus,
345 1301 513 1372 Fortunae
528 1300 651 1370 ludum
664 1301 941 1393 pertractarent,
953 1323 994 1368 ea
1006 1305 1137 1376 mente,
1151 1319 1222 1365 non

176 1425 215 1486 ut
232 1440 255 1486 a
271 1419 390 1509 pueris
407 1426 444 1487 et
461 1417 588 1509 puellis
605 1419 761 1488 carmina
787 1418 862 1508 ejus
885 1415 1096 1509 legerentur,
1115 1413 1221 1482 animi

176 1555 289 1613 causa,
309 1556 431 1603 verum
456 1541 496 1602 ut
516 1533 592 1624 ipse
613 1534 725 1625 magis
750 1533 925 1603 frueretur
950 1532 1124 1624 profundo
1147 1530 1223 1619 ejus

178 1649 308 1718 ordinis
330 1671 445 1730 sensu,
471 1671 541 1741 quo
567 1650 677 1718 tacite
702 1648 895 1719 flectuntur
920 1657 957 1719 et
982 1648 1224 1741 gubernantur

178 1765 305 1832 omnia.
358 1763 479 1845 Istam,
506 1765 662 1855 inquam,
690 1765 819 1834 Poesin
848 1763 1031 1857 intelligo:
1067 1761 1223 1830 maxime

177 1880 267 1970 apud
296 1901 357 1946 cos
386 1902 533 1970 quorum
566 1880 674 1950 animi
703 1881 845 1971 penitus
873 1880 1082 1949 imbuuntur
1110 1897 1224 1945 sacro·

177 1995 306 2065 sanctis
336 2017 397 2064 seu
429 1997 604 2065 vaticiniis
633 1998 707 2066 sive
743 1997 1010 2066 narrationibus.
1066 1993 1126 2064 Ne
1159 2015 1222 2061 au·

178 2118 249 2180 tem
269 2109 450 2201 Sophocli,
467 2134 512 2181 ne
533 2113 571 2180 iu
587 2109 764 2203 OEdipode
781 2114 936 2205 quidem,
954 2111 1139 2183 eonsilium
1163 2107 1225 2176 tri-

176 2225 326 2296 buamus
356 2227 445 2295 adeo
478 2226 706 2318 magnificum
738 2236 775 2296 et
803 2227 949 2309 elatum,
980 2235 1078 2296 vetat
1111 2223 1225 2316 primo

176 2341 346 2410 universa
371 2342 421 2410 rei
454 2341 630 2422 atrocitas,
656 2364 743 2432 quae,
771 2351 811 2412 ut
837 2343 873 2410 id
900 2341 995 2434 quod
1020 2361 1143 2410 rernm
1170 2344 1224 2407 est

176 2454 298 2536 fatear,
327 2478 466 2547 semper
494 2455 581 2524 mihi
612 2457 685 2526 visa
716 2471 769 2526 est
803 2460 946 2550 propius
979 2457 1147 2526 accedere
1179 2453 1224 2522 ad

175 2593 286 2663 genus
303 2570 392 2640 illud
410 2569 529 2667 μιαρὸν
545 2594 586 2641 ac
604 2572 806 2643 nefandum.
860 2572 991 2664 Neque
1008 2574 1102 2641 enim
1121 2568 1224 2640 facile

176 2688 331 2777 patimur
348 2685 478 2756 nullius
495 2687 651 2756 criminis
673 2704 774 2757 reum
795 2697 870 2758 tam
893 2687 986 2758 male
1009 2686 1169 2769 mulcari,
1186 2692 1224 2753 et

175 2802 217 2871 de
243 2824 353 2872 scena
376 2801 521 2871 taudem
544 2803 734 2885 discedere,
751 2803 849 2873 nulla
875 2826 946 2896 spe,
971 2803 1069 2873 nulla
1094 2801 1225 2894 signifi·

174 2917 316 2987 catione
332 2939 379 2985 ne
395 2918 505 2986 tacite
519 2917 662 3008 quidem
680 2918 785 2999 facta,
803 2919 878 2989 fore
895 2919 1092 3010 aliquando,
1109 2925 1151 2986 ut
1168 2939 1224 2986 res

172 3031 208 3101 in
233 3029 364 3100 melius
387 3040 566 3103 mutetur:
592 3032 697 3124 plane
720 3035 819 3125 quasi
845 3034 970 3105 ludant
991 3035 1140 3103 fortunis
1161 3033 1224 3100 ho-

171 3149 324 3229 minurn,
351 3147 461 3217 veluti
488 3147 578 3228 talis,
606 3148 765 3218 crudeles
791 3151 934 3241 quidam
959 3150 1074 3220 Genii.
1127 3146 1224 3217 Reli-

167 3262 306 3357 giosius
331 3263 456 3346 multo,
482 3265 519 3332 ni
545 3263 658 3346 fallor,
676 3264 886 3357 AEschylus:
917 3266 987 3357 qui,
1011 3274 1052 3334 ut
1076 3286 1223 3356 quaeqne

168 3377 384 3448 immaniora
410 3389 574 3471 aguntur,
601 3402 644 3448 eo
675 3381 787 3472 magis
813 3379 936 3449 sedulo
961 3381 1138 3472 significat
1164 3380 1224 3450 ad-

167 3517 251 3565 esse
270 3492 378 3575 Deos,
401 3495 476 3564 fore
497 3497 558 3586 qui
584 3495 639 3565 vel
663 3518 784 3587 poenas
807 3504 977 3587 reposcat,
999 3496 1056 3565 vel
1080 3497 1223 3588 indigne

165 3617 324 3679 vexatos
350 3620 496 3680 recreet.
550 3609 641 3680 Cum
659 3618 780 3680 autem
798 3613 842 3680 do
860 3620 960 3681 tanta
980 3634 1018 3681 re
1044 3612 1151 3681 semel
1171 3613 1224 3680 in-

165 3724 301 3794 ciderit
327 3724 499 3814 ejusmodi
525 3727 685 3817 suspicio,
704 3750 827 3796 vereor
852 3750 898 3796 ne
920 3727 1125 3822 περιπετείας
1146 3725 1224 3794 illas

165 3848 209 3909 et
233 3837 465 3934 ἀναγνωρίσεις
485 3842 592 3910 toties
614 3840 773 3911 laudatas
795 3843 909 3912 odisse
932 3842 1078 3932 coeperit
1102 3863 1223 3923 mens;

168 3977 291 4046 eoque
312 3955 515 4046 impensius,
533 3978 604 4046 quo
631 3957 763 4046 majore
788 3957 875 4027 fiant
900 3959 1052 4050 ingenio.
1105 3956 1223 4039 Quare

169 4078 214 4139 ut
242 4069 445 4151 concedam,
473 4070 652 4139 neminem
679 4093 835 4160 unquam
865 4073 1035 4141 artificem
1060 4071 1224 4143 solertius

172 4184 333 4253 texuisse
350 4183 460 4254 telam
477 4206 598 4267 suam3
626 4186 818 4254 videndum
845 4196 975 4268 tamen,
993 4209 1038 4255 an
1063 4187 1139 4276 ipsa
1163 4185 1225 4255 illa

173 4297 317 4368 solertia
335 4299 499 4369 detrahat
522 4299 655 4390 aliquid
674 4299 719 4370 de
737 4299 840 4370 laude
858 4303 933 4392 ejus
950 4301 1105 4394 poetica:
1128 4310 1224 4370 caret

649 4419 751 4503 Pp2
