2768 4876
167 334 383 377 annnxxxrx.
423 313 537 378 Ocelum
551 323 579 378 et
592 324 690 379 terrae
704 336 771 378 eom
784 315 890 378 AE'nao
904 316 1022 380 sentire.
1148 317 1211 385 795

168 484 307 578 longius
332 509 406 554 rem
433 487 618 576 repetenti,
637 509 718 555 oum
739 487 796 555 vix
814 487 883 557 alia
900 488 1035 558 ratione
1053 496 1212 560 constare

169 600 279 690 possit
296 601 371 691 ejus
387 603 508 671 ratior.

312 728 486 783 Provehimur
497 730 591 798 pelago
605 728 691 782 vicina
703 729 834 783 Ceraunia
842 731 928 800 juxta,

312 814 393 876 Unde
404 815 453 868 iter
462 814 574 878 Italiam,
588 831 737 885 cursusque
748 815 921 869 brevissimus
933 815 1029 872 undis:

311 900 360 954 Sol
371 901 425 955 ruit
436 901 544 964 interea,
557 910 583 955 et
594 909 698 955 montes
710 902 870 955 umbrantur
884 903 968 971 opaci.

312 985 463 1040 Stemimur
472 995 568 1056 optatae
580 987 682 1057 gremio
694 987 795 1040 tellude
808 986 842 1040 ad
854 986 963 1050 undam,

312 1071 405 1126 Sortiti
417 1090 514 1136 remos,
525 1073 677 1143 passimque
689 1072 717 1127 iu
728 1072 816 1125 littore
828 1072 898 1127 sicco

313 1156 431 1226 Corpora
442 1174 582 1212 curamus:
602 1159 686 1212 fessos
699 1176 779 1228 sopor
790 1160 882 1229 irrigat
895 1168 977 1213 artus.

311 1243 435 1297 Necdum
448 1245 540 1299 orbern
551 1244 671 1299 medium
683 1245 745 1299 Nox
759 1245 831 1299 horis
844 1253 902 1299 acta
914 1245 1037 1310 subibat5

312 1329 394 1384 Haud
407 1331 495 1401 segnis
508 1341 593 1386 strato
605 1333 691 1402 surgit
703 1332 854 1394 Palinurus,
867 1341 893 1386 et
905 1350 998 1387 omnes

310 1416 438 1487 Explorat
449 1426 552 1482 ventos,
564 1427 644 1489 atque
655 1417 768 1472 auribus
780 1435 840 1471 aera
852 1427 954 1488 captat:

310 1501 403 1564 Sidera
415 1514 511 1562 cuncta
522 1513 597 1559 notat
609 1505 688 1558 tacito
699 1505 815 1558 labentia
828 1506 901 1569 caelo,

310 1588 465 1654 Arcturum,
477 1591 634 1662 pluviasque
646 1590 765 1662 Hyadas,
778 1592 951 1661 geminosque
963 1591 1083 1655 Triones,

309 1676 504 1748 Armatumque
515 1694 581 1730 auro
593 1676 771 1746 circumspicit
784 1676 893 1731 Oriona.

310 1762 456 1834 Postquam
468 1772 565 1818 cuncta
575 1763 648 1818 videt
660 1764 725 1818 caelo
737 1771 858 1817 constare
871 1781 974 1827 sereno,

311 1849 366 1904 Dat
378 1851 479 1904 clarum
490 1869 505 1904 e
517 1851 600 1920 puppi
612 1851 738 1920 signnm3
757 1867 807 1903 nos
820 1859 905 1904 castra
916 1868 1065 1914 movemus,

309 1935 509 2006 Tentamusque
520 1936 600 1999 viam,
614 1944 639 1989 et
650 1937 771 1989 velorum
784 1935 927 2005 pandimus
939 1937 1002 1990 alas.

309 2021 424 2092 Jamque
436 2021 592 2075 rubescebat
604 2022 685 2075 stellis
697 2021 803 2075 Aurora
814 2021 922 2091 fugatis,

309 2108 380 2171 Cum
392 2110 486 2178 procul
497 2109 625 2162 obscuros
638 2109 727 2172 colles,
739 2108 920 2179 humilemque
933 2108 1054 2163 videmus

310 2194 423 2251 Italiam.

216 2299 273 2368 En
310 2301 409 2371 vobis
443 2302 510 2371 iter
544 2310 769 2384 nocturnum,
803 2325 874 2372 non
909 2302 992 2384 sola,
1026 2304 1064 2371 ni
1098 2303 1211 2384 fallor,

168 2416 434 2507 tranquillitate,
452 2419 514 2488 sed
538 2419 645 2487 etiarn
666 2419 852 2509 majestate
875 2418 1027 2509 quadam
1053 2418 1211 2511 insigne:

168 2515 261 2622 quali
290 2532 437 2610 fortasse
464 2533 590 2603 deduci
615 2534 734 2607 decuit
759 2535 803 2604 ad
829 2556 908 2603 suas
932 2534 1031 2603 sedes
1057 2555 1213 2603 001000-

168 2644 309 2728 loniam,
337 2650 392 2722 cui
424 2649 505 2718 fatis
533 2648 722 2722 deberetur
748 2649 858 2721 totius
886 2649 979 2717 orbis
1013 2647 1211 2739 imperium.

168 2757 333 2836 Profecto
358 2783 429 2834 000
452 2762 545 2839 male
569 2762 802 2838 conveniebat
829 2785 911 2835 cum
937 2762 1013 2832 istis
1037 2762 1212 2833 ominibus

168 2874 277 2943 Orion
321 2874 383 2950 ille
423 2886 577 2953 armatus
614 2900 711 2960 auro,
750 2878 974 2969 siderumque
1008 2888 1213 2969 prospectus

167 2990 276 3063 tacito
293 2990 379 3060 caelo
404 2991 610 3072 labentium,
629 2993 689 3082 qui
711 2994 857 3086 augurio
883 2993 929 3068 sit
955 2993 1119 3062 omnibus
1142 3002 1212 3065 sta-

166 3103 245 3177 bilis
263 3113 301 3174 et
318 3106 474 3184 immotae
493 3105 662 3182 Fatorum
680 3109 725 3177 de
743 3109 830 3177 urbe
849 3108 1010 3178 Romana
1027 3108 1126 3199 legis.

215 3218 382 3294 Poteram
407 3229 444 3290 et
467 3220 527 3295 illa
549 3221 672 3292 afferre
698 3222 862 3304 carmina,
889 3245 969 3313 quae
995 3224 1149 3314 primum
1176 3224 1214 3292 in

166 3334 240 3424 1000
266 3334 370 3405 Latio
397 3334 572 3410 001100001
599 3337 761 3418 AEnearn,
784 3337 912 3405 deinde
937 3337 981 3405 ad
1009 3337 1213 3409 Evandrum

166 3449 356 3532 deducunt,
386 3473 469 3519 oum
498 3474 627 3543 magno
661 3450 777 3544 pelagi
808 3475 948 3543 quoque
983 3461 1020 3524 et
1054 3451 1210 3536 litorum,

166 3563 275 3634 immo
300 3563 410 3649 fluvii,
436 3567 599 3647 nemoris,
618 3589 791 3648 aurarum,
816 3567 934 3636 avium
961 3568 1089 3637 favore.
1140 3567 1213 3636 Mi-

165 3679 223 3762 tia,
241 3679 336 3759 laeta,
357 3703 496 3750 amoena
517 3681 647 3763 omnia,
669 3680 720 3751 illi
748 3681 826 3751 1000
845 3681 1003 3773 Scriptor
1028 3682 1210 3754 adhibuit:

165 3815 235 3863 000
252 3794 329 3863 0100
345 3794 503 3878 00001110,
520 3804 563 3863 01
580 3795 667 3865 mihi
687 3795 831 3892 quidam
850 3796 999 3864 videtur.
1041 3794 1099 3865 Ac
1115 3819 1214 3890 mag-

164 3910 209 3991 ni,
227 3909 316 3978 mihi
334 3911 479 3993 credite,
496 3910 679 3983 habendus
703 3918 770 3995 est,
788 3918 864 3985 tam
884 3910 921 3979 in
939 3910 1035 4000 poesi
1054 3934 1160 4001 quam
1177 3912 1215 3980 in

164 4023 313 4114 pictura,
324 4023 385 4094 1110
398 4026 494 4116 quasi
515 4047 703 4103 consensus
721 4025 807 4107 oaeli,
819 4026 934 4107 maris,
946 4032 1130 4109 terrarum,
1141 4048 1218 4098 om·

164 4139 262 4213 nium
280 4140 433 4232 denique
450 4162 529 4231 quae
546 4141 583 4218 10
601 4147 785 4231 aspectum
803 4141 947 4223 cadunt,
965 4163 1047 4213 oum
1065 4140 1215 4212 fortunis

577 4316 592 4354 r
611 4307 679 4359 AEa.
693 4324 719 4376 3.
733 4306 795 4372 506.
