2768 4876
425 40 441 95 i

168 303 261 346 rnna.
269 303 375 348 xxvu.
389 284 497 351 Possis
510 287 690 366 ormam,
701 287 810 355 mairo
820 291 964 376 quadam
971 293 1128 362 Eutaia.
1154 300 1219 369 559
1273 328 1277 334 ·

167 453 380 544 frequentia,
411 457 541 547 partim
575 442 845 544 Immortalium,
880 463 1010 553 partim
1043 465 1219 555 majorum

169 569 338 640 suorum?
390 570 518 662 Itaque
534 579 578 640 ut
594 572 707 656 oratio
729 582 858 655 nostra,
877 595 947 664 qno
965 573 1027 642 diu
1045 574 1124 666 jam
1140 582 1220 646 ten-

169 681 294 766 dittoo
311 685 457 754 tandem
474 685 659 770 deveniat3
686 687 878 757 videndum
902 710 949 757 an
972 687 1056 757 huic
1075 687 1219 780 Lyrico-

168 817 247 865 rum
265 796 459 883 Poetarum
482 797 639 869 libertati
656 801 694 869 id
710 801 867 872 maxime
882 802 1038 872 muneris
1055 802 1219 873 tribuerit

168 909 373 1004 Benignum
390 911 548 994 Numen,
571 922 614 982 ut
636 922 791 984 servarat
808 917 973 1006 quaedam
991 916 1089 1008 quasi
1112 917 1220 986 vesti-

168 1027 226 1118 gia
243 1026 398 1119 piatatis,
415 1026 501 1097 alias
523 1028 569 1097 ad
587 1027 741 1119 Superos
758 1031 830 1098 cito
847 1031 990 1121 penitus
1011 1053 1216 1101 recessurae:

168 1139 264 1231 quali
291 1141 406 1211 officio
431 1143 528 1234 prius
552 1143 666 1212 functi
693 1151 776 1213 sunt
799 1140 967 1237 ῥαψῳδοὶ,
985 1151 1110 1236 postea
1133 1144 1219 1215 Tra·

168 1255 249 1347 glai,
267 1256 396 1325 dehinc
414 1255 709 1349 Philosophorum
732 1265 895 1327 catervae.
949 1257 1007 1327 Ex
1024 1259 1151 1349 quibus
1176 1257 1218 1328 il-

168 1368 230 1438 lud
257 1369 426 1441 effectum
451 1380 515 1454 est,
540 1373 634 1462 quod
661 1394 726 1442 nos
751 1373 857 1442 docet
877 1371 1009 1442 Divina
1025 1370 1131 1444 Vox:
1162 1373 1218 1442 οὐκ

169 1478 360 1579 ἀμάρτυρον
374 1483 521 1556 Ἑαυτὸν
537 1486 695 1582 ἁφῆκενῠ,
711 1508 824 1578 usque
841 1508 895 1567 eo,
913 1486 1025 1556 donec
1047 1485 1218 1557 effulserit

170 1597 251 1668 Lux
269 1599 332 1671 illa
347 1603 476 1693 purior,
494 1601 609 1672 nullas
627 1624 782 1694 unquam
800 1599 963 1670 tenebras
979 1623 1133 1693 passura.

216 1715 394 1806 Denique,
414 1718 451 1786 ni
476 1716 589 1799 fallor,
610 1717 713 1786 video
740 1718 849 1786 etiam
875 1716 969 1808 apud
995 1715 1138 1786 annales
1163 1739 1217 1787 re-

169 1831 379 1914 centiorum,
399 1833 494 1923 quod
521 1833 695 1903 rationem
723 1831 815 1901 hano
845 1839 1002 1901 nostram
1028 1831 1074 1901 de
1103 1833 1217 1903 causis
1305 1839 1308 1855 '

170 1945 367 2016 Pindarioae
392 1946 577 2044 παρρησίας
593 1970 665 2017 non
690 1946 817 2016 leviter
833 1946 1082 2017 commendare
1099 1947 1218 2017 videa·

168 2068 236 2131 tur.
291 2061 428 2156 Magna
447 2061 614 2133 videlicet
635 2060 704 2131 Illa
724 2061 796 2131 Dei
814 2061 959 2144 CivitaS,
976 2084 1047 2152 qua
1072 2063 1217 2131 tandem

168 2183 254 2258 arte,
272 2186 354 2268 post
371 2177 524 2247 Romam
548 2176 735 2258 deuotam,
753 2198 836 2245 oum
853 2174 936 2267 Ipsa
956 2174 1217 2265 quodammodo

168 2300 362 2384 caperetur,
384 2293 476 2361 feros
501 2292 652 2361 victores
675 2313 801 2382 capere
825 2289 968 2383 potuit?
1020 2288 1214 2372 Libertate,

168 2407 285 2490 oredo,
303 2414 341 2477 et
359 2407 587 2477 sanctissimae
605 2405 734 2498 linguae
751 2405 931 2502 παρρησίᾳ.
969 2403 1076 2474 Unde
1093 2413 1216 2475 autem

168 2527 270 2591 tanta
286 2523 356 2591 ista
369 2521 554 2591 Libertas?
591 2520 721 2603 Primo,
735 2520 953 2591 immortales
970 2542 1008 2590 se
1025 2520 1100 2588 fore
1117 2529 1215 2590 certo

167 2635 345 2705 sciebant:
368 2637 494 2706 deinde
509 2635 628 2705 Deum
643 2635 852 2725 divinosque
864 2636 1012 2704 nuncios
1026 2632 1123 2703 omni
1135 2633 1216 2704 looo

167 2771 207 2818 ao
235 2759 396 2842 tempore
430 2751 550 2819 adesse
581 2754 766 2818 noverunt.
824 2743 940 2837 Atqui
968 2745 1095 2814 harum
1125 2747 1216 2837 ipsa-

166 2887 244 2933 rum
267 2888 383 2934 rerum
411 2865 557 2934 obseura
583 2863 736 2954 quadam
760 2859 993 2931 hariolatione
1010 2861 1143 2931 fretum
1160 2861 1216 2930 fu·

166 2979 234 3048 isse
252 2988 290 3048 et
308 2978 501 3049 Pindarum
524 3001 749 3071 auguramur.
800 2974 903 3045 Adeo
924 2999 970 3046 ex
989 2976 1057 3046 hae
1075 2999 1215 3069 quoque

166 3103 267 3184 parto
293 3093 427 3185 placuit
455 3117 594 3164 summo
615 3092 674 3162 Illi
702 3091 853 3161 Numini
881 3092 1010 3160 servari
1038 3092 1214 3181 quandam

166 3230 273 3299 quam
290 3219 419 3279 vooant
436 3208 627 3300 ἀναλογίαν,
645 3217 687 3277 ut
708 3206 915 3298 imperfecta
932 3214 970 3274 et
987 3206 1103 3296 priora
1118 3216 1215 3298 post-

165 3346 275 3394 remae
293 3331 330 3392 et
348 3325 490 3414 optimae
508 3323 572 3392 viae
591 3321 852 3414 quodammodo
870 3321 1115 3412 respondeant.

215 3434 306 3505 Haec.
328 3438 356 3505 si
374 3439 431 3506 oui
453 3459 525 3505 non
550 3457 690 3527 prorsus
711 3436 833 3526 inepta
850 3434 1075 3516 videbuntur,
1093 3436 1123 3504 is
1139 3458 1214 3506 ma·

166 3575 247 3622 curn
273 3552 421 3623 fortasse
448 3553 634 3644 judicabit,
659 3574 731 3620 non
757 3552 831 3620 sine
856 3552 1036 3643 praeoipua
1061 3553 1214 3643 quadam

165 3666 304 3763 προνοίᾳ
322 3690 523 3738 concessam
549 3667 655 3736 fuisse
679 3665 803 3748 Graiis,
821 3665 897 3757 ipso
921 3664 1074 3736 Poeseos
1099 3666 1211 3750 initio,

161 3782 419 3881 nobilissimam
443 3782 543 3853 illam
561 3782 694 3852 seriem
711 3782 820 3850 trium
838 3781 1043 3864 Poetarum,
1061 3804 1212 3873 quorum

165 3905 257 3969 esset
281 3899 430 3991 quisque
459 3899 498 3968 in
526 3920 590 3968 suo
619 3919 749 3990 genere
777 3918 850 3965 nou
878 3898 985 3967 modo
1015 3898 1210 3990 primarius,

163 4032 287 4085 verum
313 4015 422 4085 etiam
447 4012 658 4106 exemplaris
683 4011 780 4082 loco:
811 4010 1011 4084 Homerum
1036 4011 1210 4108 intelligo,

532 4255 619 4309 adet.
632 4255 723 4324 Apost.
741 4272 781 4322 14.
798 4268 838 4325 17.
