2768 4876
225 1397 582 1486 PRAELECTIO
613 1402 944 1486 TRIGESIMA
975 1401 1152 1485 NONA.

624 1714 765 1727 ——t

169 1964 301 2025 Quoeritur
313 1986 347 2022 oo
359 1986 415 2022 oum
424 1967 541 2040 Epicuro
557 1971 666 2024 seruerit
679 1970 813 2040 Virgilius.
850 1970 1008 2040 infirmiores
1020 1988 1074 2024 esse
1086 1973 1140 2040 pus
1152 1989 1213 2024 oon-

195 2054 307 2120 jeaturoe
318 2055 441 2108 rationes.
482 2056 588 2119 Contra,
602 2057 766 2109 Platonicum
783 2074 838 2110 eum
856 2057 996 2120 declarari,
1009 2064 1062 2109 tum
1077 2056 1146 2126 quod
1156 2057 1214 2109 ubi-

201 2157 249 2209 que
266 2142 401 2205 menorioe,
415 2160 467 2195 uon
482 2144 546 2213 spei,
559 2143 711 2212 indulgen,-
731 2150 784 2197 tum
800 2144 869 2214 quod
881 2145 994 2198 Numina
1011 2144 1099 2197 adesse
1115 2160 1213 2212 seraper

199 2228 335 2298 significet,
357 2231 515 2296 animalium,
535 2233 610 2285 immo
632 2233 712 2285 totins
731 2233 841 2286 Noturae
862 2251 1006 2293 conensem
1033 2241 1085 2286 tum
1105 2233 1214 2303 denique

194 2322 306 2385 propter
318 2315 454 2386 eipevclav,
465 2324 490 2371 et
501 2335 623 2371 summum
634 2319 662 2370 in
674 2318 750 2371 rebare
762 2318 847 2371 saeris
859 2325 884 2371 et
896 2320 1000 2372 crimnis
1006 2319 1140 2389 pudorem.

259 2511 316 2583 UI
333 2515 525 2609 Virgilium
541 2515 684 2607 Epicuri
699 2515 839 2585 familiae
852 2517 1121 2586 adscribendum
1136 2537 1213 2584 esse

283 2631 417 2714 volunt,
436 2632 572 2701 duabus
597 2632 753 2701 maxime
779 2633 892 2702 causis
915 2632 1017 2701 inniti
1037 2632 1212 2700 videntur.

166 2741 337 2827 Primum,
356 2746 449 2836 quod
467 2746 496 2816 is
515 2743 722 2815 Lucretium
746 2744 934 2836 aliquando
956 2744 1057 2813 effert
1080 2743 1212 2813 eximia

165 2861 315 2950 quadam
324 2861 440 2944 laude,
451 2885 558 2953 seque
570 2885 641 2931 non
653 2861 799 2931 obscure
812 2861 965 2930 declarat
973 2861 1009 2929 in
1020 2860 1095 2951 ejus
1106 2861 1213 2929 vesti-

164 2977 230 3069 giis
242 2977 332 3046 velle
342 2979 484 3069 quidem
497 2987 593 3047 certe
607 2977 777 3047 insistere.
802 2975 942 3044 Deinde
954 2977 1046 3066 quod
1059 2984 1210 3043 mortem

164 3093 274 3162 semel
292 3103 399 3184 atque
416 3094 546 3163 iterum
568 3095 786 3185 depreeatur,
804 3093 929 3161 eodem
949 3091 1059 3161 ferme
1077 3099 1212 3173 tenore,

164 3232 234 3299 quo
258 3209 347 3278 solet
373 3209 497 3303 vulgus
522 3209 730 3292 hominum;
757 3210 855 3299 quasi
881 3207 979 3277 nulla
1004 3207 1213 3277 mortalibus

165 3327 314 3416 supersit
329 3328 543 3418 expectati0,
554 3326 662 3396 semel
675 3325 748 3395 vita
761 3325 903 3394 innotis.
943 3324 1014 3393 Sed
1030 3325 1212 3415 utriusque

164 3440 275 3510 facilis
296 3442 363 3510 erit-
381 3442 573 3523 excusatio,
592 3441 764 3511 attentius
782 3441 887 3509 modo
906 3439 1140 3532 Virgilianam
1160 3441 1213 3509 in-

164 3554 281 3624 dolem
302 3557 548 3626 consideranti.

215 3671 311 3740 Nam
339 3673 432 3763 quod
461 3673 678 3754 Lucretium,
699 3671 808 3740 talem
833 3671 957 3748 virum,
976 3669 1084 3760 ipsius
1110 3692 1209 3760 paene

163 3787 347 3879 aequatem,
359 3788 550 3857 honorifice
567 3787 789 3880 praedicabat,
802 3787 837 3855 id
852 3786 993 3876 quidem
1010 3786 1210 3875 pertinebat

163 3905 423 3994 quodammodo
449 3905 493 3973 ad
522 3904 711 3973 candidum
737 3912 845 3994 atque
876 3903 1069 3993 ingenuum
1102 3902 1210 3993 ipsius

163 4020 331 4099 animum,
362 4019 455 4088 uitro
494 4018 635 4088 laudem
671 4018 918 4110 impertientis,
950 4017 1008 4086 ubi
1046 4039 1100 4085 res
1135 4027 1211 4086 erat

163 4135 348 4204 laudanda.
402 4133 472 4204 Sed
500 4135 616 4227 palam
641 4144 675 4203 et
701 4142 822 4226 aperte
848 4143 955 4224 negat
978 4155 1014 4200 se
1041 4133 1076 4199 in
1104 4132 1212 4214 illius,

162 4260 331 4342 tanquam
359 4252 529 4342 magistri,
562 4249 667 4319 verba
686 4250 816 4340 jurare.
870 4247 929 4316 Sic
956 4249 1049 4315 enim
1077 4248 1212 4338 accipio
