2768 4876
163 307 256 354 rann.
267 311 335 353 xm.
380 288 433 367 itt,
447 297 593 373 nequem
606 289 651 353 ud
663 309 763 367 arem,
780 289 891 354 cedem
897 292 1019 376 percpi.
1144 294 1205 361 891

164 456 259 540 Quid
275 460 372 528 enim
389 457 739 548 verisimilius,qua1n
756 460 913 529 animum
931 460 1208 530 intentissimum

163 573 206 641 ud
224 572 444 643 voluntatem
461 573 631 654 Deorum,
650 574 780 664 quique
803 574 878 643 sine
893 573 968 644 ulla
985 575 1207 645 dubitatione

163 688 237 783 ejus
254 688 383 756 certior
396 688 473 777 jam
494 689 540 756 sit
558 686 681 769 factus,
700 711 779 756 eam
796 690 1020 779 potissimum
1038 712 1206 781 usurpare

162 801 328 892 loquendi
346 801 545 884 formulam,
556 824 633 891 quae
650 803 818 895 majorem
836 804 874 873 in
890 805 1037 874 modum
1050 803 1206 874 declaret

163 936 337 985 summam
355 916 462 1007 ipsius
480 936 562 985 cum
577 916 737 986 Numine
754 939 905 1008 superno
921 919 1206 988 convenientiam

163 1039 200 1097 et
224 1029 458 1098 consensum?
498 1030 623 1120 quue,
640 1040 681 1100 ut
699 1031 832 1123 opinor,
849 1055 920 1100 non
938 1033 1085 1101 obscure
1102 1033 1208 1124 signi-

163 1143 269 1212 ficans
288 1142 409 1226 Poeta,
428 1146 549 1214 statim
567 1169 616 1216 ex
635 1147 762 1216 eadem
789 1169 937 1238 persona
959 1147 1010 1216 sic
1032 1154 1086 1216 est
1103 1147 1209 1238 ratio-

163 1253 343 1327 cinatusf:

371 1402 397 1457 τί
407 1403 458 1473 γὰρ
471 1403 661 1474 wopau
668 1425 677 1467 3

373 1490 484 1542 θεῖον
503 1489 585 1555 ἔμπας
596 1491 713 1542 ποτᾶται.

163 1631 272 1717 Quasi
293 1633 398 1716 dicat,
421 1657 493 1705 non
518 1656 555 1706 se
581 1635 774 1705 iracundiae
800 1657 935 1705 morem
960 1657 1094 1727 gerere,
1113 1635 1207 1722 quod

162 1748 250 1817 adeo
276 1757 398 1839 aperte
423 1751 460 1817 in
484 1749 663 1821 adulteros
688 1750 782 1820 mala
806 1757 980 1840 precatur,
998 1749 1059 1817 sed
1077 1747 1207 1817 caelesti

163 1862 279 1933 nescio
309 1864 367 1933 cui
397 1864 642 1954 obtemperare
671 1864 828 1933 monito:
860 1865 935 1954 ejus
962 1871 1084 1933 autem
1112 1860 1207 1931 claro

110 2049 112 2053 ,
163 1977 271 2051 veluti
289 1978 387 2062 flatu,
405 2001 580 2070 cursuque
597 1979 777 2060 acerrimo,
795 2001 832 2048 se
850 1979 952 2049 ferri:

369 2144 649 2215 πόροιθενδέπρῶρας

371 2231 460 2300 δριμὺς
471 2230 558 2299 ἅητᾶε,
571 2231 676 2301 κραδίας

372 2316 460 2385 θυμὸς,
473 2317 580 2388 ἔγκοτον
592 2315 697 2387 στύγος.

165 2454 268 2526 Adeo
286 2467 430 2527 cautum
449 2467 504 2529 est
521 2482 542 2529 a
558 2459 765 2552 gravissimo
787 2465 943 2539 auctore,
961 2465 1004 2527 ut
1029 2457 1092 2527 ubi
1115 2480 1210 2528 acer-

163 2569 304 2641 bissima
333 2573 442 2643 fiebat
470 2573 542 2643 cdii
570 2582 608 2643 et
635 2573 765 2642 irarum
794 2574 943 2655 mentio,
967 2572 1018 2641 ibi
1037 2570 1106 2641 Dei
1124 2593 1210 2660 quo-

164 2706 232 2774 que
256 2683 393 2757 Ultoris
412 2686 560 2758 Numen
587 2686 844 2779 appellaretur3
870 2709 916 2754 ne
933 2686 1025 2755 forte
1042 2685 1210 2775 cuiquam

164 2797 236 2869 ulla
257 2823 308 2870 ex
331 2809 431 2892 parte
457 2803 638 2872 videretur
662 2802 800 2892 privata
827 2798 964 2871 Orestis
993 2806 1031 2868 et
1056 2796 1212 2867 Electrae

164 2935 219 2984 res
252 2914 320 3007 agi,
366 2938 438 2987 non
471 2917 670 2987 communis
703 2915 864 3007 quaedam
908 2921 946 2984 et
978 2919 1209 2992 sacrosancta,

164 3049 315 3119 quaeque
347 3030 393 3101 ad
427 3030 632 3101 universum
651 3030 711 3122 jus
750 3031 872 3120 fasque
901 3025 1211 3097 vehementissime

163 3143 364 3232 pertineret.

213 3257 333 3326 Etiam
350 3256 439 3326 illud
459 3279 566 3348 grave
583 3265 622 3327 et
642 3264 815 3336 sanctum,
834 3255 927 3344 quod
948 3255 985 3322 in
1006 3253 1105 3323 caede
1122 3273 1209 3342 quo-

164 3394 232 3461 que
259 3370 578 3442 consceleratorum
599 3370 801 3464 peragenda
821 3369 908 3461 regii
925 3366 1112 3460 sepulchri,
1131 3374 1210 3434 tan·
1330 3469 1332 3474 .

164 3506 270 3575 quam
294 3507 376 3567 arae,
396 3484 549 3555 habetur
573 3483 675 3554 ratio.
728 3481 837 3563 Nam,
859 3481 926 3550 etsi
953 3479 1108 3549 noluerit
1131 3476 1210 3545 AEs-

163 3598 285 3692 chylus
309 3598 456 3668 mactari
482 3590 787 3691 Clytaemnestram
814 3595 953 3688 ipsein
979 3591 1129 3672 tumulo,
1156 3588 1207 3677 (id

163 3715 258 3782 enim
275 3736 391 3783 coram
413 3713 546 3807 populo
562 3712 638 3782 fieri
656 3711 760 3781 nimis
777 3711 869 3781 foret
885 3711 1040 3778 immane
1058 3715 1095 3775 et
1113 3706 1210 3774 odio-

163 3830 255 3920 sum)
286 3827 513 3920 proferuntur
545 3834 676 3906 tamen,
712 3832 750 3894 et
781 3823 820 3892 in
854 3829 1045 3913 conspeetu
1073 3819 1207 3909 jacent,

162 3935 267 4007 modo
285 3937 479 4008 occisorum
496 3958 652 4028 corpora,
662 3934 762 4005 velut
775 3934 1021 4016 victimarum3
1047 3951 1118 4001 non
1131 3928 1208 3999 sine

576 4205 584 4237 ¹
602 4205 711 4276 otoapt.
726 4207 787 4276 387.
