<?xml version="1.0" encoding="UTF-8"?>
<!DOCTYPE html PUBLIC "-//W3C//DTD XHTML 1.0 Transitional//EN"
    "http://www.w3.org/TR/xhtml1/DTD/xhtml1-transitional.dtd">
<html xmlns="http://www.w3.org/1999/xhtml" xml:lang="en" lang="en">
 <head>
  <title>
</title>
<meta http-equiv="Content-Type" content="text/html;charset=utf-8" />
  <meta name='ocr-system' content='tesseract 3.04.00' />
  <meta name='ocr-capabilities' content='ocr_page ocr_carea ocr_par ocr_line ocrx_word'/>
</head>
<body>
  <div class='ocr_page' id='page_1' title='image "./depoeticaevimed00keblgoog_0374.png"; bbox 0 0 2768 4876; ppageno 0'>
   <div class='ocr_carea' id='block_1_1' title="bbox 171 303 1210 392">
    <p class='ocr_par' dir='ltr' id='par_1_1' title="bbox 171 303 1210 392">
     <span class='ocr_line' id='line_1_1' title="bbox 171 303 1210 392; baseline 0.004 -24"><span class='ocrx_word' id='word_1_1' title='bbox 171 328 389 370; x_wconf 78' lang='lat' dir='ltr'>ranuxxxvrr.</span> <span class='ocrx_word' id='word_1_2' title='bbox 459 305 586 392; x_wconf 58' lang='lat' dir='ltr'>Vtatur·</span> <span class='ocrx_word' id='word_1_3' title='bbox 600 305 637 369; x_wconf 80' lang='lat' dir='ltr'>de</span> <span class='ocrx_word' id='word_1_4' title='bbox 645 303 812 390; x_wconf 79' lang='lat' dir='ltr'>pecudibus</span> <span class='ocrx_word' id='word_1_5' title='bbox 827 305 967 368; x_wconf 67' lang='lat' dir='ltr'>lamenta.</span> <span class='ocrx_word' id='word_1_6' title='bbox 1146 307 1210 372; x_wconf 77' lang='lat'>749</span> 
     </span>
    </p>
   </div>
   <div class='ocr_carea' id='block_1_2' title="bbox 164 458 1264 1148">
    <p class='ocr_par' dir='ltr' id='par_1_2' title="bbox 164 458 1264 1148">
     <span class='ocr_line' id='line_1_2' title="bbox 168 458 1264 573; baseline -0.001 -23"><span class='ocrx_word' id='word_1_7' title='bbox 168 489 364 573; x_wconf 91' lang='lat' dir='ltr'>quaestuoso</span> <span class='ocrx_word' id='word_1_8' title='bbox 384 458 500 551; x_wconf 85' lang='lat' dir='ltr'>ductis</span> <span class='ocrx_word' id='word_1_9' title='bbox 526 503 637 572; x_wconf 86' lang='lat' dir='ltr'>pauca</span> <span class='ocrx_word' id='word_1_10' title='bbox 662 480 732 562; x_wconf 85' lang='lat' dir='ltr'>illa,</span> <span class='ocrx_word' id='word_1_11' title='bbox 754 480 816 549; x_wconf 89' lang='lat' dir='ltr'>sed</span> <span class='ocrx_word' id='word_1_12' title='bbox 841 479 970 549; x_wconf 86' lang='lat' dir='ltr'>affectu</span> <span class='ocrx_word' id='word_1_13' title='bbox 997 478 1209 570; x_wconf 88' lang='lat' dir='ltr'>plenissima,</span> <span class='ocrx_word' id='word_1_14' title='bbox 1261 461 1264 465; x_wconf 33' lang='lat'>⁵</span> 
     </span>
     <span class='ocr_line' id='line_1_3' title="bbox 167 594 1209 688; baseline -0.003 -23"><span class='ocrx_word' id='word_1_15' title='bbox 167 596 289 688; x_wconf 83' lang='lat' dir='ltr'>“Ipsae</span> <span class='ocrx_word' id='word_1_16' title='bbox 323 619 498 666; x_wconf 84' lang='lat' dir='ltr'><strong>memores</strong></span> <span class='ocrx_word' id='word_1_17' title='bbox 532 597 681 666; x_wconf 92' lang='lat' dir='ltr'>redeunt</span> <span class='ocrx_word' id='word_1_18' title='bbox 715 598 751 665; x_wconf 93' lang='lat' dir='ltr'>iu</span> <span class='ocrx_word' id='word_1_19' title='bbox 783 596 909 665; x_wconf 85' lang='lat' dir='ltr'>tecta.”</span> <span class='ocrx_word' id='word_1_20' title='bbox 964 594 1074 677; x_wconf 84' lang='lat' dir='ltr'><strong>Quasi</strong></span> <span class='ocrx_word' id='word_1_21' title='bbox 1105 595 1209 674; x_wconf 89' lang='lat' dir='ltr'>dieat,</span> 
     </span>
     <span class='ocr_line' id='line_1_4' title="bbox 165 709 1212 804; baseline -0.004 -23"><span class='ocrx_word' id='word_1_22' title='bbox 165 711 219 780; x_wconf 83' lang='lat' dir='ltr'>En</span> <span class='ocrx_word' id='word_1_23' title='bbox 236 712 349 781; x_wconf 91' lang='lat' dir='ltr'>fidum</span> <span class='ocrx_word' id='word_1_24' title='bbox 374 721 412 781; x_wconf 89' lang='lat' dir='ltr'>et</span> <span class='ocrx_word' id='word_1_25' title='bbox 435 712 628 781; x_wconf 88' lang='lat' dir='ltr'>officiosum</span> <span class='ocrx_word' id='word_1_26' title='bbox 646 710 777 804; x_wconf 84' lang='lat' dir='ltr'>genus!</span> <span class='ocrx_word' id='word_1_27' title='bbox 804 733 900 801; x_wconf 89' lang='lat' dir='ltr'>spem</span> <span class='ocrx_word' id='word_1_28' title='bbox 920 732 1019 779; x_wconf 88' lang='lat' dir='ltr'>suam</span> <span class='ocrx_word' id='word_1_29' title='bbox 1037 709 1132 778; x_wconf 88' lang='lat' dir='ltr'>ultro</span> <span class='ocrx_word' id='word_1_30' title='bbox 1150 732 1212 800; x_wconf 88' lang='lat' dir='ltr'>po-</span> 
     </span>
     <span class='ocr_line' id='line_1_5' title="bbox 164 826 1210 897; baseline -0.001 -2"><span class='ocrx_word' id='word_1_31' title='bbox 164 837 254 897; x_wconf 89' lang='lat' dir='ltr'>nunt</span> <span class='ocrx_word' id='word_1_32' title='bbox 279 827 317 895; x_wconf 90' lang='lat' dir='ltr'>in</span> <span class='ocrx_word' id='word_1_33' title='bbox 345 827 564 897; x_wconf 88' lang='lat' dir='ltr'>hominibus:</span> <span class='ocrx_word' id='word_1_34' title='bbox 597 826 807 897; x_wconf 89' lang='lat' dir='ltr'>dubitantne</span> <span class='ocrx_word' id='word_1_35' title='bbox 837 826 997 896; x_wconf 90' lang='lat' dir='ltr'>homines</span> <span class='ocrx_word' id='word_1_36' title='bbox 1023 848 1144 895; x_wconf 89' lang='lat' dir='ltr'>curare</span> <span class='ocrx_word' id='word_1_37' title='bbox 1169 848 1210 894; x_wconf 87' lang='lat' dir='ltr'>ac</span> 
     </span>
     <span class='ocr_line' id='line_1_6' title="bbox 164 941 1209 1035; baseline -0.001 -25"><span class='ocrx_word' id='word_1_38' title='bbox 164 941 282 1012; x_wconf 70' lang='lat' dir='ltr'>tueri?</span> <span class='ocrx_word' id='word_1_39' title='bbox 339 941 479 1012; x_wconf 85' lang='lat' dir='ltr'>Deinde</span> <span class='ocrx_word' id='word_1_40' title='bbox 521 942 608 1012; x_wconf 87' lang='lat' dir='ltr'>illud</span> <span class='ocrx_word' id='word_1_41' title='bbox 644 965 750 1035; x_wconf 88' lang='lat' dir='ltr'>quam</span> <span class='ocrx_word' id='word_1_42' title='bbox 786 941 912 1010; x_wconf 80' lang='lat' dir='ltr'>dulce!</span> <span class='ocrx_word' id='word_1_43' title='bbox 950 965 1056 1033; x_wconf 89' lang='lat' dir='ltr'>quam</span> <span class='ocrx_word' id='word_1_44' title='bbox 1086 950 1209 1032; x_wconf 87' lang='lat' dir='ltr'>aptum</span> 
     </span>
     <span class='ocr_line' id='line_1_7' title="bbox 164 1056 485 1148; baseline -0.009 -21"><span class='ocrx_word' id='word_1_45' title='bbox 164 1058 282 1127; x_wconf 89' lang='lat' dir='ltr'>animo</span> <span class='ocrx_word' id='word_1_46' title='bbox 300 1056 485 1148; x_wconf 86' lang='lat' dir='ltr'>pastorali!</span> 
     </span>
    </p>
   </div>
   <div class='ocr_carea' id='block_1_3' title="bbox 304 1202 966 1526">
    <p class='ocr_par' dir='ltr' id='par_1_3' title="bbox 304 1202 966 1526">
     <span class='ocr_line' id='line_1_8' title="bbox 305 1202 966 1275; baseline 0 -19"><span class='ocrx_word' id='word_1_47' title='bbox 305 1202 378 1272; x_wconf 84' lang='lat' dir='ltr'>Ergo</span> <span class='ocrx_word' id='word_1_48' title='bbox 390 1203 464 1256; x_wconf 89' lang='lat' dir='ltr'>omni</span> <span class='ocrx_word' id='word_1_49' title='bbox 476 1203 565 1256; x_wconf 87' lang='lat' dir='ltr'>studio</span> <span class='ocrx_word' id='word_1_50' title='bbox 576 1203 688 1273; x_wconf 84' lang='lat' dir='ltr'>glaciem</span> <span class='ocrx_word' id='word_1_51' title='bbox 700 1213 846 1275; x_wconf 88' lang='lat' dir='ltr'>ventosque</span> <span class='ocrx_word' id='word_1_52' title='bbox 859 1204 966 1267; x_wconf 75' lang='lat' dir='ltr'>nivales,</span> 
     </span>
     <span class='ocr_line' id='line_1_9' title="bbox 306 1288 925 1360; baseline 0.003 -18"><span class='ocrx_word' id='word_1_53' title='bbox 306 1288 368 1347; x_wconf 81' lang='lat' dir='ltr'>Quo</span> <span class='ocrx_word' id='word_1_54' title='bbox 380 1289 470 1343; x_wconf 88' lang='lat' dir='ltr'>minus</span> <span class='ocrx_word' id='word_1_55' title='bbox 482 1299 522 1342; x_wconf 89' lang='lat' dir='ltr'>est</span> <span class='ocrx_word' id='word_1_56' title='bbox 535 1289 588 1343; x_wconf 93' lang='lat' dir='ltr'>illis</span> <span class='ocrx_word' id='word_1_57' title='bbox 600 1307 671 1344; x_wconf 88' lang='lat' dir='ltr'>curae</span> <span class='ocrx_word' id='word_1_58' title='bbox 683 1292 802 1344; x_wconf 87' lang='lat' dir='ltr'>mortalis</span> <span class='ocrx_word' id='word_1_59' title='bbox 815 1299 925 1360; x_wconf 83' lang='lat' dir='ltr'>egestas,</span> 
     </span>
     <span class='ocr_line' id='line_1_10' title="bbox 304 1376 907 1446; baseline 0.003 -18"><span class='ocrx_word' id='word_1_60' title='bbox 304 1376 424 1439; x_wconf 70' lang='lat' dir='ltr'>Avensa,</span> <span class='ocrx_word' id='word_1_61' title='bbox 437 1376 588 1446; x_wconf 88' lang='lat' dir='ltr'>victumque</span> <span class='ocrx_word' id='word_1_62' title='bbox 600 1376 676 1439; x_wconf 79' lang='lat' dir='ltr'>feres,</span> <span class='ocrx_word' id='word_1_63' title='bbox 690 1385 716 1430; x_wconf 89' lang='lat' dir='ltr'>et</span> <span class='ocrx_word' id='word_1_64' title='bbox 727 1377 817 1446; x_wconf 83' lang='lat' dir='ltr'>virgea</span> <span class='ocrx_word' id='word_1_65' title='bbox 829 1379 907 1430; x_wconf 86' lang='lat' dir='ltr'>loetus</span> 
     </span>
     <span class='ocr_line' id='line_1_11' title="bbox 305 1461 893 1526; baseline -0.002 -10"><span class='ocrx_word' id='word_1_66' title='bbox 305 1462 415 1526; x_wconf 81' lang='lat' dir='ltr'>Pabula,</span> <span class='ocrx_word' id='word_1_67' title='bbox 428 1480 476 1516; x_wconf 89' lang='lat' dir='ltr'>nec</span> <span class='ocrx_word' id='word_1_68' title='bbox 488 1470 544 1516; x_wconf 87' lang='lat' dir='ltr'>tota</span> <span class='ocrx_word' id='word_1_69' title='bbox 559 1461 665 1516; x_wconf 83' lang='lat' dir='ltr'>claudes</span> <span class='ocrx_word' id='word_1_70' title='bbox 677 1462 777 1516; x_wconf 83' lang='lat' dir='ltr'>foeuilia</span> <span class='ocrx_word' id='word_1_71' title='bbox 789 1462 893 1516; x_wconf 89' lang='lat' dir='ltr'>bruma.</span> 
     </span>
    </p>
   </div>
   <div class='ocr_carea' id='block_1_4' title="bbox 163 1581 1212 2479">
    <p class='ocr_par' dir='ltr' id='par_1_4' title="bbox 163 1581 1212 1791">
     <span class='ocr_line' id='line_1_12' title="bbox 163 1581 1212 1674; baseline 0.001 -23"><span class='ocrx_word' id='word_1_72' title='bbox 163 1581 272 1652; x_wconf 85' lang='lat' dir='ltr'>Absit</span> <span class='ocrx_word' id='word_1_73' title='bbox 295 1605 388 1663; x_wconf 90' lang='lat' dir='ltr'>vero,</span> <span class='ocrx_word' id='word_1_74' title='bbox 409 1584 533 1674; x_wconf 90' lang='lat' dir='ltr'>inquit,</span> <span class='ocrx_word' id='word_1_75' title='bbox 560 1593 601 1652; x_wconf 93' lang='lat' dir='ltr'>ut</span> <span class='ocrx_word' id='word_1_76' title='bbox 626 1607 697 1653; x_wconf 86' lang='lat' dir='ltr'>una</span> <span class='ocrx_word' id='word_1_77' title='bbox 722 1584 784 1653; x_wconf 88' lang='lat' dir='ltr'>illa</span> <span class='ocrx_word' id='word_1_78' title='bbox 809 1592 951 1654; x_wconf 79' lang='lat' dir='ltr'>careant</span> <span class='ocrx_word' id='word_1_79' title='bbox 978 1606 1091 1674; x_wconf 85' lang='lat' dir='ltr'>operae</span> <span class='ocrx_word' id='word_1_80' title='bbox 1120 1607 1212 1654; x_wconf 86' lang='lat' dir='ltr'>mer-</span> 
     </span>
     <span class='ocr_line' id='line_1_13' title="bbox 165 1698 865 1791; baseline 0.004 -25"><span class='ocrx_word' id='word_1_81' title='bbox 165 1698 260 1779; x_wconf 87' lang='lat' dir='ltr'>cede,</span> <span class='ocrx_word' id='word_1_82' title='bbox 280 1721 385 1788; x_wconf 91' lang='lat' dir='ltr'>quam</span> <span class='ocrx_word' id='word_1_83' title='bbox 404 1699 513 1769; x_wconf 88' lang='lat' dir='ltr'>solam</span> <span class='ocrx_word' id='word_1_84' title='bbox 532 1721 553 1768; x_wconf 88' lang='lat' dir='ltr'>a</span> <span class='ocrx_word' id='word_1_85' title='bbox 569 1700 670 1769; x_wconf 90' lang='lat' dir='ltr'>nobis</span> <span class='ocrx_word' id='word_1_86' title='bbox 688 1708 865 1791; x_wconf 89' lang='lat' dir='ltr'>repetunt.</span> 
     </span>
    </p>

    <p class='ocr_par' dir='ltr' id='par_1_5' title="bbox 164 1809 1211 2479">
     <span class='ocr_line' id='line_1_14' title="bbox 213 1809 1209 1904; baseline 0 -24"><span class='ocrx_word' id='word_1_87' title='bbox 213 1809 412 1881; x_wconf 89' lang='lat' dir='ltr'>Veniamus</span> <span class='ocrx_word' id='word_1_88' title='bbox 437 1812 482 1880; x_wconf 90' lang='lat' dir='ltr'>ad</span> <span class='ocrx_word' id='word_1_89' title='bbox 507 1812 787 1882; x_wconf 89' lang='lat' dir='ltr'>laudatissimum</span> <span class='ocrx_word' id='word_1_90' title='bbox 814 1837 956 1883; x_wconf 88' lang='lat' dir='ltr'>carmen</span> <span class='ocrx_word' id='word_1_91' title='bbox 978 1814 1022 1882; x_wconf 91' lang='lat' dir='ltr'>de</span> <span class='ocrx_word' id='word_1_92' title='bbox 1043 1835 1209 1904; x_wconf 91' lang='lat' dir='ltr'>pecorum</span> 
     </span>
     <span class='ocr_line' id='line_1_15' title="bbox 164 1926 1211 2020; baseline 0.005 -26"><span class='ocrx_word' id='word_1_93' title='bbox 164 1935 281 2019; x_wconf 82' lang='lat' dir='ltr'>strage</span> <span class='ocrx_word' id='word_1_94' title='bbox 298 1927 335 1994; x_wconf 95' lang='lat' dir='ltr'>in</span> <span class='ocrx_word' id='word_1_95' title='bbox 352 1926 493 2018; x_wconf 82' lang='lat' dir='ltr'>Alpinis</span> <span class='ocrx_word' id='word_1_96' title='bbox 510 1929 706 2019; x_wconf 90' lang='lat' dir='ltr'>provinciis.</span> <span class='ocrx_word' id='word_1_97' title='bbox 757 1929 928 1999; x_wconf 83' lang='lat' dir='ltr'>Crederes</span> <span class='ocrx_word' id='word_1_98' title='bbox 945 1929 1117 2020; x_wconf 89' lang='lat' dir='ltr'>ejusmodi</span> <span class='ocrx_word' id='word_1_99' title='bbox 1136 1950 1211 1998; x_wconf 91' lang='lat' dir='ltr'>esse</span> 
     </span>
     <span class='ocr_line' id='line_1_16' title="bbox 164 2041 1211 2133; baseline 0.001 -23"><span class='ocrx_word' id='word_1_100' title='bbox 164 2063 249 2123; x_wconf 91' lang='lat' dir='ltr'>rem,</span> <span class='ocrx_word' id='word_1_101' title='bbox 268 2066 349 2133; x_wconf 89' lang='lat' dir='ltr'>quae</span> <span class='ocrx_word' id='word_1_102' title='bbox 368 2044 502 2112; x_wconf 90' lang='lat' dir='ltr'>animos</span> <span class='ocrx_word' id='word_1_103' title='bbox 520 2053 743 2114; x_wconf 85' lang='lat' dir='ltr'>commoveat</span> <span class='ocrx_word' id='word_1_104' title='bbox 767 2043 840 2113; x_wconf 88' lang='lat' dir='ltr'>solo</span> <span class='ocrx_word' id='word_1_105' title='bbox 867 2043 1019 2123; x_wconf 91' lang='lat' dir='ltr'>horrore,</span> <span class='ocrx_word' id='word_1_106' title='bbox 1039 2041 1211 2133; x_wconf 89' lang='lat' dir='ltr'>variisque</span> 
     </span>
     <span class='ocr_line' id='line_1_17' title="bbox 164 2156 1210 2250; baseline 0.002 -25"><span class='ocrx_word' id='word_1_107' title='bbox 164 2179 203 2226; x_wconf 90' lang='lat' dir='ltr'>ac</span> <span class='ocrx_word' id='word_1_108' title='bbox 224 2157 429 2226; x_wconf 84' lang='lat' dir='ltr'>miserrimis</span> <span class='ocrx_word' id='word_1_109' title='bbox 457 2181 641 2250; x_wconf 88' lang='lat' dir='ltr'>corporum</span> <span class='ocrx_word' id='word_1_110' title='bbox 666 2159 888 2228; x_wconf 84' lang='lat' dir='ltr'>cruciatibus.</span> <span class='ocrx_word' id='word_1_111' title='bbox 941 2156 1011 2226; x_wconf 86' lang='lat' dir='ltr'>Sed</span> <span class='ocrx_word' id='word_1_112' title='bbox 1030 2156 1210 2249; x_wconf 81' lang='lat' dir='ltr'>Virgilius,</span> 
     </span>
     <span class='ocr_line' id='line_1_18' title="bbox 164 2270 1210 2362; baseline -0.002 -23"><span class='ocrx_word' id='word_1_113' title='bbox 164 2292 243 2360; x_wconf 90' lang='lat' dir='ltr'>quae</span> <span class='ocrx_word' id='word_1_114' title='bbox 262 2280 338 2340; x_wconf 88' lang='lat' dir='ltr'>erat</span> <span class='ocrx_word' id='word_1_115' title='bbox 354 2273 430 2362; x_wconf 90' lang='lat' dir='ltr'>ejus</span> <span class='ocrx_word' id='word_1_116' title='bbox 447 2271 597 2354; x_wconf 83' lang='lat' dir='ltr'>solertia,</span> <span class='ocrx_word' id='word_1_117' title='bbox 616 2274 751 2343; x_wconf 84' lang='lat' dir='ltr'>curavit</span> <span class='ocrx_word' id='word_1_118' title='bbox 777 2274 845 2342; x_wconf 88' lang='lat' dir='ltr'>ista</span> <span class='ocrx_word' id='word_1_119' title='bbox 863 2272 986 2341; x_wconf 89' lang='lat' dir='ltr'>variari</span> <span class='ocrx_word' id='word_1_120' title='bbox 1012 2270 1210 2339; x_wconf 89' lang='lat' dir='ltr'>mirandum</span> 
     </span>
     <span class='ocr_line' id='line_1_19' title="bbox 164 2384 1211 2479; baseline -0.001 -26"><span class='ocrx_word' id='word_1_121' title='bbox 164 2385 199 2454; x_wconf 93' lang='lat' dir='ltr'>in</span> <span class='ocrx_word' id='word_1_122' title='bbox 224 2386 382 2472; x_wconf 90' lang='lat' dir='ltr'>modum,</span> <span class='ocrx_word' id='word_1_123' title='bbox 409 2410 452 2457; x_wconf 89' lang='lat' dir='ltr'>ea</span> <span class='ocrx_word' id='word_1_124' title='bbox 474 2398 583 2478; x_wconf 90' lang='lat' dir='ltr'>parte,</span> <span class='ocrx_word' id='word_1_125' title='bbox 602 2411 671 2479; x_wconf 88' lang='lat' dir='ltr'>qua</span> <span class='ocrx_word' id='word_1_126' title='bbox 697 2397 837 2458; x_wconf 88' lang='lat' dir='ltr'>taurum</span> <span class='ocrx_word' id='word_1_127' title='bbox 863 2387 1082 2457; x_wconf 85' lang='lat' dir='ltr'>laborantem</span> <span class='ocrx_word' id='word_1_128' title='bbox 1109 2384 1211 2477; x_wconf 85' lang='lat' dir='ltr'>fingit</span> 
     </span>
    </p>
   </div>
   <div class='ocr_carea' id='block_1_5' title="bbox 164 2501 1056 2596">
    <p class='ocr_par' dir='ltr' id='par_1_6' title="bbox 164 2501 1056 2596">
     <span class='ocr_line' id='line_1_20' title="bbox 164 2501 1056 2596; baseline -0.001 -26"><span class='ocrx_word' id='word_1_129' title='bbox 164 2501 229 2570; x_wconf 94' lang='lat' dir='ltr'>sub</span> <span class='ocrx_word' id='word_1_130' title='bbox 240 2501 330 2596; x_wconf 88' lang='lat' dir='ltr'>jugo</span> <span class='ocrx_word' id='word_1_131' title='bbox 347 2504 531 2572; x_wconf 90' lang='lat' dir='ltr'>concidere</span> <span class='ocrx_word' id='word_1_132' title='bbox 549 2512 586 2573; x_wconf 88' lang='lat' dir='ltr'>et</span> <span class='ocrx_word' id='word_1_133' title='bbox 604 2505 755 2573; x_wconf 90' lang='lat' dir='ltr'>animam</span> <span class='ocrx_word' id='word_1_134' title='bbox 775 2503 896 2573; x_wconf 89' lang='lat' dir='ltr'>statim</span> <span class='ocrx_word' id='word_1_135' title='bbox 914 2524 1017 2596; x_wconf 82' lang='lat' dir='ltr'>agere</span> <span class='ocrx_word' id='word_1_136' title='bbox 1029 2511 1056 2569; x_wconf 75' lang='lat' dir='ltr'>P.</span> 
     </span>
    </p>
   </div>
   <div class='ocr_carea' id='block_1_6' title="bbox 280 2645 1013 2890">
    <p class='ocr_par' dir='ltr' id='par_1_7' title="bbox 280 2645 1013 2890">
     <span class='ocr_line' id='line_1_21' title="bbox 735 2645 964 2708; baseline -0.004 -9"><span class='ocrx_word' id='word_1_137' title='bbox 735 2645 761 2700; x_wconf 91' lang='lat' dir='ltr'>lt</span> <span class='ocrx_word' id='word_1_138' title='bbox 773 2646 856 2700; x_wconf 89' lang='lat' dir='ltr'>tristis</span> <span class='ocrx_word' id='word_1_139' title='bbox 869 2656 964 2708; x_wconf 86' lang='lat' dir='ltr'>arator,</span> 
     </span>
     <span class='ocr_line' id='line_1_22' title="bbox 306 2731 1013 2803; baseline -0.001 -17"><span class='ocrx_word' id='word_1_140' title='bbox 306 2731 466 2786; x_wconf 88' lang='lat' dir='ltr'>Moereutem</span> <span class='ocrx_word' id='word_1_141' title='bbox 478 2732 627 2803; x_wconf 86' lang='lat' dir='ltr'>abjungeus</span> <span class='ocrx_word' id='word_1_142' title='bbox 639 2733 755 2786; x_wconf 83' lang='lat' dir='ltr'>fraterna</span> <span class='ocrx_word' id='word_1_143' title='bbox 766 2742 850 2787; x_wconf 90' lang='lat' dir='ltr'>morte</span> <span class='ocrx_word' id='word_1_144' title='bbox 859 2734 1013 2802; x_wconf 87' lang='lat' dir='ltr'>juvencum,</span> 
     </span>
     <span class='ocr_line' id='line_1_23' title="bbox 280 2813 963 2890; baseline 0.001 -20"><span class='ocrx_word' id='word_1_145' title='bbox 280 2813 287 2823; x_wconf 68' lang='lat'><strong>¹</strong></span> <span class='ocrx_word' id='word_1_146' title='bbox 304 2817 393 2890; x_wconf 85' lang='lat' dir='ltr'>Atque</span> <span class='ocrx_word' id='word_1_147' title='bbox 405 2836 484 2888; x_wconf 88' lang='lat' dir='ltr'>opere</span> <span class='ocrx_word' id='word_1_148' title='bbox 496 2819 524 2872; x_wconf 91' lang='lat' dir='ltr'>in</span> <span class='ocrx_word' id='word_1_149' title='bbox 536 2819 624 2873; x_wconf 89' lang='lat' dir='ltr'>medio</span> <span class='ocrx_word' id='word_1_150' title='bbox 637 2819 722 2872; x_wconf 85' lang='lat' dir='ltr'>delixa</span> <span class='ocrx_word' id='word_1_151' title='bbox 733 2820 858 2890; x_wconf 88' lang='lat' dir='ltr'>relinquit</span> <span class='ocrx_word' id='word_1_152' title='bbox 870 2828 963 2872; x_wconf 84' lang='lat' dir='ltr'>aratra.</span> 
     </span>
    </p>
   </div>
   <div class='ocr_carea' id='block_1_7' title="bbox 166 2937 1215 3376">
    <p class='ocr_par' dir='ltr' id='par_1_8' title="bbox 166 2937 1213 3248">
     <span class='ocr_line' id='line_1_24' title="bbox 166 2937 1213 3030; baseline 0.001 -24"><span class='ocrx_word' id='word_1_153' title='bbox 166 2937 324 3008; x_wconf 88' lang='lat' dir='ltr'>Inertem</span> <span class='ocrx_word' id='word_1_154' title='bbox 341 2940 462 3030; x_wconf 89' lang='lat' dir='ltr'>jacere</span> <span class='ocrx_word' id='word_1_155' title='bbox 481 2963 598 3010; x_wconf 88' lang='lat' dir='ltr'>coram</span> <span class='ocrx_word' id='word_1_156' title='bbox 623 2940 659 3008; x_wconf 92' lang='lat' dir='ltr'>in</span> <span class='ocrx_word' id='word_1_157' title='bbox 677 2940 782 3011; x_wconf 91' lang='lat' dir='ltr'>sulcis</span> <span class='ocrx_word' id='word_1_158' title='bbox 800 2963 990 3023; x_wconf 87' lang='lat' dir='ltr'>vomerem,</span> <span class='ocrx_word' id='word_1_159' title='bbox 1008 2940 1213 3009; x_wconf 91' lang='lat' dir='ltr'>diuturnum</span> 
     </span>
     <span class='ocr_line' id='line_1_25' title="bbox 166 3051 1213 3144; baseline 0.001 -24"><span class='ocrx_word' id='word_1_160' title='bbox 166 3059 275 3120; x_wconf 85' lang='lat' dir='ltr'>tantae</span> <span class='ocrx_word' id='word_1_161' title='bbox 305 3051 414 3122; x_wconf 91' lang='lat' dir='ltr'>cladis</span> <span class='ocrx_word' id='word_1_162' title='bbox 444 3055 697 3135; x_wconf 90' lang='lat' dir='ltr'>testimonium,</span> <span class='ocrx_word' id='word_1_163' title='bbox 723 3054 759 3122; x_wconf 92' lang='lat' dir='ltr'>id</span> <span class='ocrx_word' id='word_1_164' title='bbox 791 3053 925 3123; x_wconf 89' lang='lat' dir='ltr'>scilicet</span> <span class='ocrx_word' id='word_1_165' title='bbox 955 3051 1080 3122; x_wconf 89' lang='lat' dir='ltr'>colono</span> <span class='ocrx_word' id='word_1_166' title='bbox 1107 3075 1213 3144; x_wconf 83' lang='lat' dir='ltr'>grave</span> 
     </span>
     <span class='ocr_line' id='line_1_26' title="bbox 167 3168 567 3248; baseline 0.008 -13"><span class='ocrx_word' id='word_1_167' title='bbox 167 3175 252 3248; x_wconf 90' lang='lat' dir='ltr'>erat,</span> <span class='ocrx_word' id='word_1_168' title='bbox 266 3168 402 3236; x_wconf 87' lang='lat' dir='ltr'>caeteris</span> <span class='ocrx_word' id='word_1_169' title='bbox 418 3191 489 3237; x_wconf 88' lang='lat' dir='ltr'>nou</span> <span class='ocrx_word' id='word_1_170' title='bbox 507 3168 567 3238; x_wconf 88' lang='lat' dir='ltr'>ita.</span> 
     </span>
    </p>

    <p class='ocr_par' dir='ltr' id='par_1_9' title="bbox 216 3282 1215 3376">
     <span class='ocr_line' id='line_1_27' title="bbox 216 3282 1215 3376; baseline -0.001 -24"><span class='ocrx_word' id='word_1_171' title='bbox 216 3282 288 3352; x_wconf 86' lang='lat' dir='ltr'>Sed</span> <span class='ocrx_word' id='word_1_172' title='bbox 312 3283 553 3366; x_wconf 84' lang='lat' dir='ltr'>recordamini,</span> <span class='ocrx_word' id='word_1_173' title='bbox 573 3307 649 3376; x_wconf 86' lang='lat' dir='ltr'>quae</span> <span class='ocrx_word' id='word_1_174' title='bbox 675 3286 719 3354; x_wconf 91' lang='lat' dir='ltr'>de</span> <span class='ocrx_word' id='word_1_175' title='bbox 742 3285 833 3355; x_wconf 90' lang='lat' dir='ltr'>bove</span> <span class='ocrx_word' id='word_1_176' title='bbox 859 3285 1048 3376; x_wconf 88' lang='lat' dir='ltr'>superstite</span> <span class='ocrx_word' id='word_1_177' title='bbox 1073 3306 1215 3352; x_wconf 85' lang='lat' dir='ltr'>narran-</span> 
     </span>
    </p>
   </div>
   <div class='ocr_carea' id='block_1_8' title="bbox 168 3405 1070 3563">
    <p class='ocr_par' dir='ltr' id='par_1_10' title="bbox 168 3405 1070 3563">
     <span class='ocr_line' id='line_1_28' title="bbox 168 3405 235 3467; baseline 0.045 -3"><span class='ocrx_word' id='word_1_178' title='bbox 168 3405 235 3467; x_wconf 88' lang='lat' dir='ltr'>tur.</span> 
     </span>
     <span class='ocr_line' id='line_1_29' title="bbox 307 3493 1070 3563; baseline 0 -17"><span class='ocrx_word' id='word_1_179' title='bbox 307 3493 371 3546; x_wconf 89' lang='lat' dir='ltr'>Non</span> <span class='ocrx_word' id='word_1_180' title='bbox 382 3493 487 3547; x_wconf 84' lang='lat' dir='ltr'>umbrae</span> <span class='ocrx_word' id='word_1_181' title='bbox 499 3495 612 3547; x_wconf 83' lang='lat' dir='ltr'>altorum</span> <span class='ocrx_word' id='word_1_182' title='bbox 625 3511 774 3557; x_wconf 90' lang='lat' dir='ltr'>nemorum,</span> <span class='ocrx_word' id='word_1_183' title='bbox 787 3511 843 3546; x_wconf 91' lang='lat' dir='ltr'>non</span> <span class='ocrx_word' id='word_1_184' title='bbox 855 3493 945 3547; x_wconf 90' lang='lat' dir='ltr'>mollia</span> <span class='ocrx_word' id='word_1_185' title='bbox 956 3501 1070 3563; x_wconf 90' lang='lat' dir='ltr'>possunt</span> 
     </span>
    </p>
   </div>
   <div class='ocr_carea' id='block_1_9' title="bbox 305 3580 1066 3911">
    <p class='ocr_par' dir='ltr' id='par_1_11' title="bbox 305 3580 1066 3911">
     <span class='ocr_line' id='line_1_30' title="bbox 307 3580 1026 3652; baseline 0 -18"><span class='ocrx_word' id='word_1_186' title='bbox 307 3580 386 3634; x_wconf 84' lang='lat' dir='ltr'>Prata</span> <span class='ocrx_word' id='word_1_187' title='bbox 397 3599 504 3635; x_wconf 86' lang='lat' dir='ltr'>movere</span> <span class='ocrx_word' id='word_1_188' title='bbox 516 3582 644 3644; x_wconf 88' lang='lat' dir='ltr'>animum,</span> <span class='ocrx_word' id='word_1_189' title='bbox 658 3599 714 3635; x_wconf 91' lang='lat' dir='ltr'>uon</span> <span class='ocrx_word' id='word_1_190' title='bbox 726 3582 772 3652; x_wconf 93' lang='lat' dir='ltr'>qui</span> <span class='ocrx_word' id='word_1_191' title='bbox 784 3599 831 3651; x_wconf 89' lang='lat' dir='ltr'>per</span> <span class='ocrx_word' id='word_1_192' title='bbox 844 3599 907 3634; x_wconf 87' lang='lat' dir='ltr'>saxa</span> <span class='ocrx_word' id='word_1_193' title='bbox 918 3582 1026 3634; x_wconf 88' lang='lat' dir='ltr'>volutus</span> 
     </span>
     <span class='ocr_line' id='line_1_31' title="bbox 307 3667 951 3738; baseline 0.002 -19"><span class='ocrx_word' id='word_1_194' title='bbox 307 3667 402 3720; x_wconf 89' lang='lat' dir='ltr'>Purior</span> <span class='ocrx_word' id='word_1_195' title='bbox 415 3669 511 3722; x_wconf 88' lang='lat' dir='ltr'>electro</span> <span class='ocrx_word' id='word_1_196' title='bbox 523 3686 648 3738; x_wconf 86' lang='lat' dir='ltr'>campum</span> <span class='ocrx_word' id='word_1_197' title='bbox 660 3669 726 3738; x_wconf 84' lang='lat' dir='ltr'>petit</span> <span class='ocrx_word' id='word_1_198' title='bbox 738 3668 839 3731; x_wconf 83' lang='lat' dir='ltr'>amnis3</span> <span class='ocrx_word' id='word_1_199' title='bbox 858 3676 886 3720; x_wconf 84' lang='lat' dir='ltr'>at</span> <span class='ocrx_word' id='word_1_200' title='bbox 897 3667 951 3721; x_wconf 90' lang='lat' dir='ltr'>ima</span> 
     </span>
     <span class='ocr_line' id='line_1_32' title="bbox 307 3751 1066 3825; baseline -0.001 -19"><span class='ocrx_word' id='word_1_201' title='bbox 307 3751 454 3807; x_wconf 88' lang='lat' dir='ltr'>Solvuntur</span> <span class='ocrx_word' id='word_1_202' title='bbox 465 3756 555 3816; x_wconf 85' lang='lat' dir='ltr'>latera,</span> <span class='ocrx_word' id='word_1_203' title='bbox 569 3763 648 3825; x_wconf 88' lang='lat' dir='ltr'>atque</span> <span class='ocrx_word' id='word_1_204' title='bbox 660 3755 752 3807; x_wconf 89' lang='lat' dir='ltr'>oculos</span> <span class='ocrx_word' id='word_1_205' title='bbox 766 3761 859 3823; x_wconf 89' lang='lat' dir='ltr'>stupor</span> <span class='ocrx_word' id='word_1_206' title='bbox 870 3762 948 3821; x_wconf 74' lang='lat' dir='ltr'>urget</span> <span class='ocrx_word' id='word_1_207' title='bbox 960 3753 1066 3815; x_wconf 87' lang='lat' dir='ltr'>inertes,</span> 
     </span>
     <span class='ocr_line' id='line_1_33' title="bbox 305 3838 933 3911; baseline -0.002 -20"><span class='ocrx_word' id='word_1_208' title='bbox 305 3838 349 3892; x_wconf 83' lang='lat' dir='ltr'>Ad</span> <span class='ocrx_word' id='word_1_209' title='bbox 362 3848 512 3911; x_wconf 87' lang='lat' dir='ltr'>terramque</span> <span class='ocrx_word' id='word_1_210' title='bbox 524 3840 583 3894; x_wconf 86' lang='lat' dir='ltr'>fluit</span> <span class='ocrx_word' id='word_1_211' title='bbox 595 3840 695 3894; x_wconf 86' lang='lat' dir='ltr'>devexo</span> <span class='ocrx_word' id='word_1_212' title='bbox 708 3839 825 3909; x_wconf 87' lang='lat' dir='ltr'>pondere</span> <span class='ocrx_word' id='word_1_213' title='bbox 837 3839 933 3893; x_wconf 85' lang='lat' dir='ltr'>cervix.</span> 
     </span>
    </p>
   </div>
   <div class='ocr_carea' id='block_1_10' title="bbox 164 3974 1216 4184">
    <p class='ocr_par' dir='ltr' id='par_1_12' title="bbox 164 3974 1216 4184">
     <span class='ocr_line' id='line_1_34' title="bbox 165 3974 1215 4067; baseline 0 -23"><span class='ocrx_word' id='word_1_214' title='bbox 165 3974 406 4057; x_wconf 90' lang='lat' dir='ltr'>Pertinebant,</span> <span class='ocrx_word' id='word_1_215' title='bbox 425 3979 539 4060; x_wconf 86' lang='lat' dir='ltr'>credo,</span> <span class='ocrx_word' id='word_1_216' title='bbox 558 3978 632 4047; x_wconf 84' lang='lat' dir='ltr'>haec</span> <span class='ocrx_word' id='word_1_217' title='bbox 651 3980 769 4047; x_wconf 86' lang='lat' dir='ltr'>omnia</span> <span class='ocrx_word' id='word_1_218' title='bbox 786 3979 828 4047; x_wconf 91' lang='lat' dir='ltr'>ad</span> <span class='ocrx_word' id='word_1_219' title='bbox 848 3977 1010 4046; x_wconf 89' lang='lat' dir='ltr'>morbum</span> <span class='ocrx_word' id='word_1_220' title='bbox 1028 3977 1109 4067; x_wconf 88' lang='lat' dir='ltr'>jam·</span> <span class='ocrx_word' id='word_1_221' title='bbox 1121 3977 1215 4067; x_wconf 88' lang='lat' dir='ltr'>jarn-</span> 
     </span>
     <span class='ocr_line' id='line_1_35' title="bbox 164 4091 1216 4184; baseline 0.002 -25"><span class='ocrx_word' id='word_1_222' title='bbox 164 4113 232 4181; x_wconf 91' lang='lat' dir='ltr'>que</span> <span class='ocrx_word' id='word_1_223' title='bbox 266 4091 502 4183; x_wconf 84' lang='lat' dir='ltr'>ingruentem.</span> <span class='ocrx_word' id='word_1_224' title='bbox 560 4093 629 4162; x_wconf 85' lang='lat' dir='ltr'>Sed</span> <span class='ocrx_word' id='word_1_225' title='bbox 661 4095 833 4163; x_wconf 87' lang='lat' dir='ltr'>industria</span> <span class='ocrx_word' id='word_1_226' title='bbox 861 4094 1012 4184; x_wconf 85' lang='lat' dir='ltr'>quadam</span> <span class='ocrx_word' id='word_1_227' title='bbox 1039 4093 1216 4184; x_wconf 89' lang='lat' dir='ltr'>exquisita</span> 
     </span>
    </p>
   </div>
   <div class='ocr_carea' id='block_1_11' title="bbox 570 4311 808 4382">
    <p class='ocr_par' dir='ltr' id='par_1_13' title="bbox 570 4311 808 4382">
     <span class='ocr_line' id='line_1_36' title="bbox 570 4311 808 4382; baseline 0.008 -20"><span class='ocrx_word' id='word_1_228' title='bbox 570 4320 584 4356; x_wconf 69' lang='grc' dir='ltr'><strong>Ρ</strong></span> <span class='ocrx_word' id='word_1_229' title='bbox 601 4311 694 4379; x_wconf 71' lang='lat' dir='ltr'>Geory.</span> <span class='ocrx_word' id='word_1_230' title='bbox 707 4328 733 4382; x_wconf 79' lang='lat'>3.</span> <span class='ocrx_word' id='word_1_231' title='bbox 747 4325 808 4381; x_wconf 86' lang='lat'><strong>517.</strong></span> 
     </span>
    </p>
   </div>
   <div class='ocr_carea' id='block_1_12' title="bbox 0 0 1388 4876">
    <p class='ocr_par' dir='ltr' id='par_1_14' title="bbox 0 0 1388 4876">
     <span class='ocr_line' id='line_1_37' title="bbox 0 0 1388 4876; baseline 0 0"><span class='ocrx_word' id='word_1_232' title='bbox 0 0 1388 4876; x_wconf 95' lang='lat' dir='ltr'> </span> 
     </span>
    </p>
   </div>
  </div>
 </body>
</html>
