2768 4876
239 304 305 369 816
344 302 535 389 Comploloe
548 305 718 368 danninum
733 303 856 378 similos,
869 325 906 367 cc
918 303 1117 387 reldpioncw
1133 327 1230 368 aaran.
1241 329 1286 368 xu.

241 475 346 545 oculi.
400 473 578 566 Utrinque
605 474 694 544 adeo
721 472 800 566 lege
826 473 976 564 quadam
1003 475 1122 544 sanxit
1140 473 1209 544 Vis
1239 496 1288 555 ea,

240 615 319 682 qua
344 601 521 682 temperat
547 591 675 670 omnia,
701 611 748 658 ne
776 591 941 680 cuiquam
968 590 1037 659 frui
1064 589 1191 659 liceret
1215 589 1290 681 pul-

240 707 414 777 cherrima
430 705 491 776 illa
513 707 628 776 forma
652 716 690 776 et
713 705 803 775 facie
821 705 1005 784 Veritatis,
1024 706 1090 776 nisi
1108 707 1170 796 qui
1196 708 1289 796 prius

240 846 318 892 eam
338 824 390 892 ita
402 824 700 903 adamavisset,ut
714 821 918 914 diligentius
935 822 1171 914 indagandam
1191 831 1291 913 puta-

241 940 341 1006 verit.
389 938 442 1007 Ea
458 961 543 1007 vero
559 937 640 1031 lege
657 939 717 1028 qui
735 960 773 1008 se
791 938 940 1008 crevisse
966 939 1113 1006 senserit
1131 959 1153 1006 a
1171 937 1289 1028 primis

239 1077 352 1146 usque
369 1055 478 1136 annia,
496 1055 667 1146 cujusque
693 1056 728 1123 in
752 1055 870 1124 animo
888 1076 930 1123 ea
952 1055 1093 1145 penitus
1112 1054 1289 1135 insederit,

241 1172 271 1240 is
295 1179 391 1240 certe
418 1193 598 1261 uunquam
625 1171 838 1251 committet,
864 1179 906 1239 ut
932 1192 1029 1239 sacra
1056 1169 1114 1239 vel
1139 1169 1289 1239 Naturae

241 1283 296 1352 vel
323 1283 473 1353 Pietatis
498 1305 626 1353 arcana
656 1282 827 1376 divulget,
851 1282 949 1353 nullo
974 1283 1198 1354 audientium
1224 1286 1290 1353 dis-

240 1400 398 1469 crimine.
441 1397 550 1469 Malit
574 1400 614 1480 is,
640 1400 756 1482 credo,
778 1400 992 1469 obscuritate
1013 1399 1161 1491 peccari,
1186 1423 1289 1491 quam

241 1516 390 1584 dicenda
403 1516 553 1585 tacenda
571 1517 706 1607 promi:
731 1515 832 1585 malit
850 1537 887 1584 se
905 1516 1036 1608 ingenii
1055 1515 1173 1599 laude,
1184 1540 1288 1607 quam

239 1631 393 1723 pudoris,
408 1653 538 1701 carere.

291 1745 476 1818 Postremo
504 1760 581 1817 tum
613 1749 649 1818 in
681 1749 784 1818 Poesi
814 1758 891 1816 turn
922 1750 959 1816 in
988 1747 1176 1840 Religicne
1203 1773 1289 1840 prae-

239 1862 359 1952 cipuas
389 1887 529 1954 semper
559 1865 625 1934 sibi
654 1873 771 1956 partes
802 1864 993 1934 vindicabit
1024 1887 1146 1934 sensus
1173 1867 1288 1935 nescio

240 1978 298 2068 qui
317 1980 472 2048 tenerior
485 1989 521 2048 et
535 1982 648 2050 acrior
664 2003 780 2050 rerum
796 1981 1064 2072 praeteritarum,
1079 1980 1287 2062 absentium,

240 2093 449 2164 futurarum.
503 2095 599 2164 Nam
627 2099 689 2188 qui
717 2119 763 2166 ex
798 2097 918 2166 animo
943 2097 1017 2166 sive
1043 2105 1202 2179 cantant,
1228 2120 1288 2166 seu

242 2207 359 2278 Deum
388 2219 499 2292 orant,
527 2233 670 2281 necesse
700 2222 754 2282 est
782 2235 921 2303 semper
947 2221 1025 2281 toto
1058 2221 1203 2303 pectore
1234 2237 1288 2283 co·

240 2326 356 2416 gitent
391 2325 581 2417 pulchrius,
616 2327 739 2418 majus,
779 2327 965 2396 amabilius
999 2327 1143 2420 aliquid,
1184 2351 1288 2419 quam

241 2442 335 2531 quod
364 2441 474 2511 oculis
496 2444 606 2533 possit
633 2443 750 2533 aspici.
804 2441 964 2513 Habebit
988 2445 1111 2535 itaque
1136 2444 1192 2514 vel
1217 2446 1289 2535 ipsa

241 2559 460 2626 cantantium
497 2557 681 2648 disciplina
711 2559 804 2647 quod
839 2560 883 2628 ad
916 2561 1086 2629 orandum
1121 2562 1289 2652 quodam-

241 2675 346 2741 modo
375 2672 494 2742 flectat
525 2682 633 2764 atque
659 2683 834 2764 praeparet
860 2676 1016 2744 animos:
1043 2676 1150 2744 modo
1177 2699 1222 2744 ne
1245 2676 1288 2745 sit

241 2789 277 2855 in
306 2789 518 2857 carminibus
548 2789 642 2879 quod
669 2798 730 2858 aut
757 2791 929 2882 pietatem
957 2789 1061 2858 laedat
1089 2800 1153 2860 aut
1181 2792 1288 2861 bonos

241 2926 366 2971 mores.

292 3017 422 3086 Causas
446 3018 533 3086 mihi
561 3018 682 3087 videor
708 3019 838 3088 dixisse
863 3019 946 3088 satis
964 3021 1040 3109 jam
1067 3018 1211 3101 multas,
1230 3042 1290 3088 cur

243 3133 395 3202 Poeseos
419 3156 499 3200 cum
527 3132 715 3224 Religione
741 3144 850 3215 tanta,
877 3143 952 3202 tam
975 3135 1080 3210 varia,
1099 3135 1171 3202 sint
1197 3157 1288 3202 com-

243 3247 382 3328 mercia,
401 3256 442 3314 ut
462 3247 566 3316 facile
589 3248 782 3328 credamus,
800 3249 897 3318 illam
925 3272 996 3318 non
1021 3270 1104 3317 casu
1131 3249 1192 3318 sed
1214 3247 1289 3316 Nu-

241 3362 345 3430 minis
375 3362 518 3430 consilio
553 3364 677 3454 saepius
712 3363 818 3432 fuisse
854 3362 1058 3444 adhibitam,
1090 3386 1174 3453 quae
1209 3364 1287 3431 huic

241 3476 412 3566 paulatim
429 3478 583 3545 muniret
601 3501 641 3546 ac
660 3487 833 3547 sterneret
851 3478 954 3546 viam.
990 3477 1161 3568 Sequitur
1178 3501 1288 3570 porro,

241 3615 282 3659 ea
301 3614 381 3680 quae
403 3590 517 3660 solent
541 3593 729 3683 religiones
747 3615 982 3684 corrumpere,
1001 3594 1196 3662 maximam
1216 3617 1289 3685 par-

241 3719 313 3776 tem
344 3730 548 3799 responsura
574 3709 834 3807 quodammodo
860 3708 1068 3800 corruptelis
1095 3712 1288 3778 carminum

240 3834 276 3893 et
303 3822 503 3891 Poetarum.
558 3824 653 3892 Nam
684 3826 840 3894 versibus
863 3827 935 3894 suis
960 3833 1022 3893 aut
1048 3825 1195 3917 indigna
1220 3824 1289 3894 lau-

239 3942 324 4010 dant
336 3939 494 4006 homines
508 3961 516 4019 ;
543 3940 604 4028 qui
617 3963 712 4007 error
725 3939 847 4008 similis
861 3962 937 4007 esse
952 3940 1100 4019 videtur,
1113 3949 1222 4031 atque
1236 3964 1289 4008 eo·

238 4077 328 4135 rum,
349 4055 405 4142 qui
425 4077 487 4144 pro
507 4052 584 4122 Diis
602 4053 735 4123 babent
753 4064 935 4124 terrestres
959 4063 996 4123 et
1020 4055 1196 4145 perituras
1216 4077 1287 4122 res:

239 4177 301 4237 aut
325 4160 429 4260 digrla
458 4193 526 4238 nou
559 4193 604 4238 ex
633 4170 750 4238 animo
782 4170 937 4250 laudant,
962 4170 1021 4238 sed
1054 4192 1155 4239 more
1181 4170 1289 4262 magis

239 4296 276 4350 et
308 4285 496 4374 excmplc3
524 4288 617 4376 quod
646 4309 757 4378 genus
789 4288 825 4353 in
856 4309 892 4353 re
919 4295 1039 4354 sancta
1064 4297 1102 4353 et
1129 4286 1288 4378 religiosa
