2768 4876
167 299 232 371 496
439 302 489 366 Do
503 301 624 381 Palm,
640 311 669 368 et
683 304 805 390 Ροοιρα
818 302 942 370 solean.
1030 324 1125 370 nunu.
1139 325 1216 372 xxv.

167 508 248 577 quae
265 482 411 556 adhibet
429 482 611 569 Pindarus,
628 485 691 554 ubi
709 486 830 558 dedita
845 510 953 579 opera
973 487 1093 558 locum
1113 489 1216 559 illum

167 601 382 692 exsequitur,
417 599 673 670 recentioribus
715 601 907 686 solennem,
940 602 1036 694 apud
1071 602 1217 676 Graecos

167 724 264 786 certe
294 725 431 787 veteres
464 715 642 795 rariorem,
674 716 719 784 de
752 718 917 810 purpurei
953 718 1044 788 veris
1077 718 1218 790 honori·

167 829 232 900 bus
245 842 290 900 ¹¹¹:
697 844 698 848 ’

377 926 406 981 έν
415 926 521 997 Ἀργεία
534 925 620 995 Νεμέᾳ
631 926 721 995 μάντιν
732 926 763 979 οὗ
774 926 894 982 λανθάνει

376 1011 493 1083 φοίνικος
504 1013 585 1083 ἔρνος,
598 1011 670 1067 ὅποτ’
683 1012 816 1082 οέχθέντος
826 1011 906 1083 Ὤρᾶν
917 1014 1044 1085 θαλάμου,

377 1099 485 1167 εὔοδμον
497 1093 622 1152 έπαΐωσιν
633 1099 679 1168 έαρ
691 1100 763 1170 φυτὰ
774 1100 903 1171 νεκτάρεα.

375 1185 435 1238 τότε
446 1184 583 1248 βάλλεται,
595 1182 648 1239 τότ’
661 1183 701 1239 ἐπ’
713 1184 849 1256 ἀμβρόταν
857 1185 964 1256 χέρσον,
976 1184 1066 1256 ἔραται

375 1269 422 1325 ἰ’ων
433 1273 526 1342 φάβαι,
537 1269 603 1341 ῥόδα
615 1293 643 1325 τε
655 1273 759 1341 κόμαισι
771 1272 897 1343 μίγνυνται·

375 1357 476 1427 ὀχεῖται
489 1356 511 1412 τ’
523 1357 607 1429 ὀμφαὶ
618 1359 718 1427 μελέων
731 1358 780 1413 σὺν
791 1360 887 1422 αὕλοῖς,

376 1443 478 1514 άχεῖται
490 1443 607 1514 Σεμέλαν
618 1442 776 1514 ἑλικάμπυκα
787 1444 871 1515 χοροί.

166 1565 356 1640 Videtisne
381 1569 497 1638 notari
528 1576 692 1660 tempora
721 1591 793 1637 non
823 1567 978 1637 siderum
1004 1562 1116 1659 lapsu,
1142 1585 1215 1638 non

167 1679 243 1774 (qui
262 1681 406 1776 Virgilii
431 1707 509 1754 mos
535 1683 604 1776 est)
631 1683 864 1776 agricolarum
891 1682 1065 1775 operibus,
1082 1681 1144 1752 sed
1170 1706 1216 1753 eo

165 1798 297 1867 indicio
328 1798 421 1889 quod
453 1800 586 1869 nemini
617 1800 654 1868 in
683 1807 843 1868 mentem
870 1798 1035 1879 venisset,
1060 1796 1126 1866 nisi
1153 1798 1215 1889 qui

165 1921 264 1983 totus
293 1922 491 1984 versaretur
526 1916 563 1984 in
597 1937 635 1984 re
669 1913 889 2009 gymnastico
919 1922 1026 2005 abque
1054 1912 1092 1981 in
1120 1911 1216 1984 ludis

166 2027 389 2099 Hellenioisl
446 2027 590 2122 Nempe
623 2029 662 2098 in
696 2037 917 2100 sacrosancta
949 2027 1078 2120 palma,
1112 2029 1215 2120 cujus

165 2142 302 2236 virgula
327 2143 477 2213 dabatur
500 2145 538 2213 in
563 2166 688 2215 manus
712 2144 860 2215 athletae
877 2143 1002 2214 victori
1023 2143 1117 2236 apud
1136 2142 1214 2212 Ne-

164 2281 291 2342 meam,
322 2258 419 2330 videt
453 2260 528 2351 ejus
558 2260 772 2330 caerimoniae
806 2259 954 2330 antistes
985 2266 1108 2328 extare
1134 2258 1212 2349 jam

164 2384 304 2445 teneras
335 2397 505 2468 gemmas,
537 2375 748 2445 certissimos
778 2376 902 2467 utique
933 2374 1023 2444 veris
1052 2373 1212 2444 comites.

165 2489 324 2583 Ecquem
357 2491 416 2560 hio
450 2490 561 2561 lateat
595 2513 696 2561 mens
727 2489 860 2573 Poetae,
894 2488 1040 2560 mirifice
1073 2489 1214 2559 intenta

165 2605 329 2676 ludorum
347 2607 522 2698 praemiis?

215 2720 287 2791 Sed
313 2721 433 2791 locum
456 2721 562 2802 hunc,
580 2722 640 2812 qui
662 2729 717 2790 est
734 2721 783 2799 ,de
805 2719 953 2800 coronis,
970 2718 1080 2787 rarius
1106 2718 1212 2811 paulo

164 2837 279 2928 tangit
310 2837 480 2928 scriptor3
514 2835 700 2905 materiem
726 2835 857 2928 quippe
888 2834 1047 2903 omnium
1080 2834 1213 2928 simpli-

164 2953 351 3034 cissimam,
386 2975 538 3042 quaeque
580 2974 651 3020 non
693 2952 885 3020 admodum
927 2951 1051 3020 variari
1091 2951 1211 3042 possit.

165 3065 319 3138 Uberior
345 3068 460 3137 multo
491 3066 589 3136 locus
622 3074 676 3136 est
705 3068 750 3137 de
780 3066 903 3159 epulis,
934 3067 1049 3157 deque
1079 3088 1122 3136 eo
1153 3065 1212 3157 qui

165 3179 308 3265 Κῶμος
334 3191 502 3252 vocatur:
533 3204 603 3273 quo
632 3204 762 3274 genere
788 3180 1017 3251 vehementer
1044 3179 1213 3250 delectari

164 3297 254 3369 solet
284 3299 467 3380 Pindarus,
494 3296 677 3390 splendido
708 3298 843 3368 scilicet
872 3319 913 3366 ao
943 3296 1083 3379 festivo,
1109 3304 1147 3366 et
1177 3297 1212 3365 in

164 3435 234 3502 quo
261 3412 439 3483 liberrime
464 3413 607 3504 spatiari
633 3413 743 3504 possit
766 3412 888 3482 laetum
913 3419 1021 3502 atque
1038 3411 1212 3481 fervidum

164 3527 356 3620 ingenium.
408 3526 523 3598 Velut
548 3527 611 3597 ubi
637 3527 774 3597 confert
800 3527 954 3596 Poeseos
978 3547 1108 3595 munus
1131 3548 1212 3595 cum

163 3641 291 3732 poculo
309 3641 488 3711 solennius
505 3642 724 3734 propinato¹¹.

374 3774 473 3847 φιάλαν
485 3773 520 3831 ὣς
531 3773 605 3830 εἴτις
615 3773 722 3846 ἀφνειᾶς
733 3775 784 3830 ἀπὸ
796 3777 884 3847 χειρὸς
895 3775 965 3829 έλων

374 3863 448 3917 ένδον
458 3861 579 3932 ἀμπέλου
591 3860 766 3932 καχλάζοισαν
778 3862 866 3934 δρόσῳ

375 3946 520 4017 δωρήσεται

375 4033 459 4103 νεανίᾳ
470 4033 581 4104 γαμβρῷ
597 4033 729 4102 προπίνων
743 4031 842 4088 οἴκοθεν
854 4031 949 4096 οἶκαδε,
960 4030 1125 4103 πάγχρυσον,
1139 4054 1214 4104 κορυ-

409 4118 464 4187 φάν
475 4116 593 4181 κτεάνων,

235 4325 251 4346 ¹¹
272 4316 376 4384 Fraqm.
390 4317 497 4386 Ditlryr.
512 4336 537 4387 3.
554 4337 594 4372 12.
608 4338 633 4388 p.
649 4335 708 4384 225.
988 4326 998 4349 ¹¹
1020 4319 1062 4371 01.
1078 4331 1102 4388 7.
1119 4336 1142 4371 1.
