2768 4876
162 334 260 376 rnen.
275 335 355 377 xxu.
400 322 528 399 ιιιονρνα
543 313 710 397 Marsyas,
726 313 1012 400 Emaaaidasflaat.
1150 315 1214 379 437

378 479 519 549 ξυνδαίτωρ
530 479 686 549 μετάκοινος·

378 564 530 619 παλλεύκων
541 566 570 619 δὲ
581 563 687 620 πέπλων
698 566 847 636 ἀπόμοιρος,
860 565 971 635 ἄκληρος
983 565 1101 636 ἐτύχθην.

168 684 362 766 Nimirum,
380 693 539 754 extorres
555 685 651 776 prius
669 708 689 752 e
707 684 802 754 civili
820 685 904 766 vita,
922 708 1015 753 nunc
1034 684 1213 754 ordinibus

167 797 302 869 Atticis
313 801 573 890 quodammodo
591 800 852 870 adscribuntur:
875 823 951 890 quae
968 800 1064 892 prius
1080 821 1214 869 meram

168 924 400 985 exercuerant
418 916 664 996 carnificinam,
680 938 774 984 nunc
788 915 844 984 vel
862 915 959 984 laetas
977 915 1215 985 conciliabunt

168 1032 318 1122 nuptias,
333 1029 390 1100 vel
406 1031 682 1122 parturientibus
696 1030 812 1100 fausto
829 1053 870 1102 ao
888 1029 1039 1101 feliciter
1055 1032 1215 1100 aderunt.

170 1146 229 1218 Ne
253 1147 387 1218 multa:
413 1154 518 1238 pacto
536 1170 578 1216 eo
597 1148 773 1226 convenit,
791 1154 833 1214 ut
850 1146 895 1215 ab
912 1147 979 1219 hoo
997 1170 1108 1237 usque
1126 1157 1216 1215 tern-

169 1286 252 1354 pore
278 1263 422 1331 nomine
445 1263 515 1330 sint
533 1260 642 1330 Inferi
665 1270 774 1352 atque
792 1259 994 1344 Daemones,
1009 1285 1047 1330 re
1070 1284 1111 1330 ac
1130 1263 1217 1329 veri-

90 1420 93 1425 ·
170 1385 244 1446 tate
262 1400 343 1447 cum
363 1376 442 1446 Diis
460 1385 670 1446 censeantur
688 1374 893 1468 Olympieis.

219 1491 274 1561 Ea
290 1492 447 1560 maxime
465 1515 502 1560 re
520 1493 692 1561 contineri
711 1493 783 1560 vim
801 1493 999 1561 universam
1017 1492 1121 1582 hujus
1134 1491 1217 1560 Tra-

169 1608 297 1700 goediae
310 1608 625 1676 videruntveteres
639 1630 778 1697 quoque
790 1606 1043 1689 Grammatici3
1066 1608 1125 1697 qui
1143 1606 1217 1697 ple-

170 1722 268 1812 rique
294 1744 468 1791 summam
492 1723 568 1813 ejus
590 1723 640 1791 ita
658 1721 858 1802 conficiunt,
877 1730 918 1790 ut
939 1721 1029 1790 hanc
1049 1721 1217 1790 curiosius

170 1836 361 1905 adhibeant
382 1836 586 1919 clausulam,
603 1833 664 1911 τὰς
686 1834 719 1904 δὲ
734 1834 903 1931 Ἑριννύας
927 1833 1068 1930 πραύνας
1091 1864 1216 1929 προση-

171 1951 326 2046 γόρευσεν
344 1949 531 2034 Εὐμενίδας.
579 1952 664 2021 Non
682 1976 752 2043 quo
770 1975 898 2020 nomen
917 1952 1031 2042 ipsum
1050 1950 1218 2020 Eumeni-

171 2068 256 2136 dum
282 2069 422 2161 legatur
446 2071 482 2138 in
507 2069 581 2138 ulla
610 2077 709 2160 parte
735 2069 843 2159 ipsius
862 2067 1072 2159 Tragoedia:
1104 2065 1218 2146 σεμνοὶ

171 2181 313 2270 quidem
332 2182 412 2262 θεαὶ,
426 2183 519 2273 quod
535 2183 630 2250 idern
644 2181 750 2263 valet,
764 2180 873 2250 semel
891 2189 997 2271 atque
1015 2181 1143 2251 iterum
1158 2203 1219 2270 ap·

172 2295 359 2386 pellantur.
411 2297 483 2367 Sed
509 2298 554 2366 de
575 2298 718 2366 nomine
743 2296 830 2365 nihil
856 2297 1022 2364 interest:
1053 2295 1089 2363 id
1115 2296 1218 2363 unice
1320 2291 1322 2294 ’

171 2411 375 2493 tenendum,
396 2411 576 2504 Erinnyas,
598 2412 761 2505 mitigata
786 2410 914 2490 indole,
933 2411 1062 2480 assumi
1082 2411 1158 2500 jam
1182 2410 1218 2477 in

173 2523 258 2616 Ejus
283 2527 422 2618 imperii
449 2527 653 2607 subsidium,
676 2526 736 2618 qui
761 2548 852 2594 unus
878 2526 996 2594 omnia
1022 2532 1217 2615 temperat:

173 2640 292 2731 itaque
326 2641 459 2711 nullam
496 2665 611 2734 neque
640 2643 784 2712 domurn
815 2663 930 2732 neque
964 2640 1218 2732 rempublicam

173 2755 262 2826 bene
277 2759 366 2853 geri,
384 2781 462 2850 quae
479 2766 587 2851 neget
604 2757 658 2827 his
675 2758 833 2849 proprios
851 2756 1001 2827 honores
1013 2767 1043 2826 ⁸:

383 2899 411 2953 ἐκ
422 2905 473 2954 τῶν
484 2901 607 2971 φοβερῶν
618 2900 697 2954 τῶνδε
708 2903 855 2971 προσώπων

381 2986 448 3056 μέγα
459 2986 549 3055 κέρδος
560 2989 613 3055 ὁρῶ
625 2986 714 3040 τοῖσδε
725 2987 852 3042 πολίταις.

383 3072 464 3126 τάσδε
475 3072 526 3142 γὰρ
538 3074 665 3143 εὔφρονας
677 3073 801 3143 εὔφρονες
813 3071 852 3125 ἀεὶ

382 3157 449 3229 μέγα
461 3164 590 3227 τιμῶντες,
604 3159 645 3211 καὶ
656 3159 705 3228 γὴν
716 3160 757 3211 καὶ
769 3160 846 3212 πόλιν

382 3243 545 3312 ὀρθοδίκαιον

382 3329 500 3399 πρέψετε
511 3331 604 3386 πάντες
616 3330 756 3401 διάγοντες,

222 3457 387 3548 Denique
407 3458 481 3528 haec
504 3460 621 3528 omnia
637 3459 834 3551 AEschylus‚
853 3483 917 3529 suo
934 3483 1042 3541 more,
1061 3483 1221 3552 compro-

176 3571 246 3642 bari
264 3583 365 3646 curat
386 3597 457 3643 non
483 3576 621 3645 aurium
645 3577 751 3645 modo
769 3599 892 3645 verum
911 3577 1019 3646 etiarn
1038 3577 1220 3646 oculorum

170 3689 321 3778 judicio;
340 3691 502 3760 deductis
513 3690 770 3759 Eumenidibus
784 3691 917 3760 solenni
932 3715 1062 3783 pompa
1076 3716 1156 3761 cum
1171 3694 1221 3762 fa-

175 3804 269 3873 cibus
288 3805 443 3875 accensis
461 3815 498 3874 et
519 3829 616 3874 sacro
635 3807 799 3885 carmine,
817 3808 860 3876 de
877 3805 1047 3897 Acropoli
1066 3809 1219 3876 insuam

176 3921 294 4003 adem,
317 3922 391 3991 sive
416 3922 527 3991 mavis
553 3921 757 4013 speluncam
784 3922 971 4014 appellare,
998 3924 1159 4014 proxima
1184 3922 1220 3989 in

177 4034 273 4106 valle.
327 4036 440 4118 Adeo,
460 4036 535 4127 ipso
546 4036 624 4126 jam
641 4037 711 4104 fine
730 4036 918 4119 Poematis,
932 4048 1057 4107 exacto
1077 4039 1221 4109 demum

605 4311 616 4341 ⁵
635 4303 713 4358 Eam.
724 4321 786 4374 993.
