2768 4876
170 336 365 379 ramnum.
466 317 516 379 Do
530 316 649 380 ratione
661 315 738 380 souti
752 315 960 380 Isthmiorum.
1156 314 1221 380 529

172 509 279 577 quam
298 487 354 556 sui
374 487 493 578 ipsius.
545 486 678 556 Cavete
695 496 814 556 autem
833 488 967 579 putetis
984 486 1138 578 proeolari
1155 487 1221 556 hu-

161 602 226 692 jus
261 602 399 671 consilii
429 604 500 671 vim
535 611 572 672 et
600 611 824 673 venustatem
858 611 955 673 recte
989 626 1011 672 a
1043 626 1221 694 quoquam

171 719 338 788 aestimari
364 741 465 810 posse
491 742 536 788 ex
562 742 632 788 una
657 727 765 810 atque
789 719 901 788 altera
921 718 1112 810 particula3
1143 741 1220 810 per-

172 832 295 926 legant
313 856 456 904 neeesse
474 843 538 915 est,
556 837 615 925 qui
635 845 731 904 reete
749 834 860 904 velint
872 835 1044 926 judicare.
1081 834 1220 905 Verum

172 951 282 1018 etiam
309 951 378 1020 ista
403 951 468 1019 sub
494 950 584 1043 lege,
602 952 827 1020 incommoda
847 972 941 1030 sane,
963 950 1108 1019 minime
1131 950 1219 1019 latet

172 1064 326 1134 hominis
353 1088 436 1158 erga
460 1066 610 1157 patriam
636 1068 704 1158 pia,
731 1066 895 1158 benigna,
919 1065 1073 1135 officiosa
1096 1088 1218 1136 mens:

172 1181 232 1273 qui
256 1181 412 1272 primum
439 1179 483 1251 ab
510 1183 552 1251 iis
572 1205 649 1273 quae
667 1182 826 1273 quotidie
850 1182 1094 1265 imminebant,
1110 1183 1220 1252 tacite

171 1306 316 1367 revocat
333 1298 468 1368 animos
490 1299 533 1385 in,
549 1287 697 1391 gloriam
715 1306 751 1366 et
769 1298 805 1365 in
824 1298 1035 1391 dignitatem
1052 1298 1220 1390 praeteriti

172 1414 385 1504 temporie:

384 1549 433 1605 τίνι
445 1555 496 1605 τ’ὣν
507 1552 598 1623 πάρος,
611 1552 632 1606 ω’
642 1551 754 1623 μάκαιρα
765 1551 850 1620 Θήβα,

385 1639 469 1692 καλῶν
482 1637 626 1708 ἐπιχωρίων
637 1640 753 1708 μάλιστα
765 1638 845 1706 θυμὸν
857 1640 918 1692 τεὸν

385 1725 533 1793 εὖφραναςς

171 1844 312 1914 Deinde
336 1843 498 1936 percellit
516 1839 776 1936 quodammodo
796 1844 916 1915 oeulos
934 1837 1039 1937 longo
1057 1843 1220 1936 claroque

171 1959 320 2029 heroum
338 1955 471 2040 ordine,
490 1983 577 2050 quos
595 1961 705 2030 alium
723 1984 827 2053 super
853 1960 922 2030 alio
948 1968 1119 2054 genuerat
1137 1961 1220 2028 urbs

171 2076 333 2168 egregia3
360 2075 522 2146 consulto
546 2086 667 2146 autem
689 2076 869 2146 concludit
886 2098 964 2145 eam
983 2076 1109 2144 seriem
1134 2097 1221 2166 prae-

172 2190 274 2281 oipua
299 2191 451 2281 quadam
473 2191 655 2260 mentione
681 2191 775 2261 illius
801 2190 979 2260 societatis
1002 2212 1109 2281 quam
1134 2189 1219 2258 olim

171 2327 252 2374 oum
271 2304 537 2397 Peloponnesiis
555 2306 706 2374 inierant
724 2305 875 2375 Thebae:

384 2437 476 2512 Δωρίδ’
489 2441 607 2496 ἀποικίαν
618 2438 680 2495 ἅνικ’
694 2435 762 2514 ὀρθῷ

384 2528 499 2583 ἔστασας
512 2527 554 2581 ἐπὶ
566 2531 662 2601 σφυρῷ

384 2613 596 2683 Λακεδαιμονίων,
609 2612 674 2668 ἕλον
686 2614 708 2667 d’
720 2613 851 2685 Ἀμύκλαι

384 2701 499 2772 Αἰγεῖδαι
512 2700 590 2755 σέθεν
601 2701 710 2772 ἔκγονοι,
722 2701 880 2772 μαντεύμασι
892 2703 1007 2758 Πυθίοις.

171 2826 225 2898 Ex
244 2849 316 2919 quo
334 2824 456 2906 voluit,
475 2825 607 2917 opinor,
626 2824 786 2917 intelligi,
805 2826 973 2917 quiequid
996 2826 1032 2892 in
1055 2825 1161 2893 simili
1179 2847 1218 2895 re·

170 2942 371 3034 nuperrime
388 2941 525 3034 egerint
542 2933 693 3031 aequales
715 2937 779 3020 sui,
797 2934 832 3009 id
852 2964 956 3009 omne
974 2950 1094 3009 actum
1112 2940 1221 3010 fuisse

170 3081 343 3128 oonoensu
372 3057 555 3148 majorum,
587 3056 708 3137 imma,
736 3064 777 3124 ut
807 3057 859 3125 ita
886 3057 1011 3138 dicam,
1042 3053 1220 3124 Manium.v

171 3173 270 3244 Num
287 3175 408 3266 potuit
425 3173 540 3264 majus
556 3172 699 3263 aliquod
717 3171 832 3240 afferri
851 3171 1028 3255 solatium,
1047 3174 1220 3262 quassatisw

170 3290 338 3383 aegrisque
368 3289 494 3358 animis
523 3288 658 3357 recenti
688 3286 815 3356 clade?
866 3286 957 3356 Tum
988 3310 1030 3356 eo
1062 3288 1215 3369 consilio,

171 3428 237 3496 quo
256 3405 378 3474 decuit
394 3405 548 3474 amioum
567 3403 709 3485 bonum,
726 3402 908 3493 conjungit
926 3401 1047 3472 laudes
1065 3403 1221 3474 luctum·-

168 3542 236 3610 que
252 3519 379 3612 patriae
397 3536 480 3588 cum
497 3518 659 3588 laudibus
676 3517 847 3608 luctuque
865 3517 1007 3585 victoris
1018 3523 1039 3584 ⁵.

380 3647 518 3719 φλέγεται,

172 3752 296 3846 inquit,
314 3754 536 3847 Strepsiades
552 3763 683 3838 noster,

547 3882 747 3954 ἶσβοστρύχοισι
760 3875 882 3946 Μοίσαιι,

377 3963 479 4038 μάτρωΐ
488 3967 510 4021 θ’
524 3967 647 4042 ὁμωνύμῳ
660 3959 755 4022 δέδωκε
766 3972 852 4023 κοινὸν
863 3969 954 4032 θόλον,

377 4054 526 4123 xii-«ouum
536 4043 559 4126 ql
569 4057 668 4124 πότμον
679 4053 816 4125 μὲνἊρηι
827 4056 922 4126 ἔμιξεν,

377 4141 438 4208 τιμὰ
449 4137 472 4192 δ’
484 4138 622 4209 ἀγαθοῖσιν
633 4137 778 4195 duflum.

306 4339 421 4393 *istim
434 4339 469 4393 vi.
484 4355 508 4393 1.
919 4336 930 4377 θ
947 4331 1015 4393 itta.
1028 4355 1072 4408 31.
