2768 4876
164 316 230 385 694
343 317 480 378 Ameates
494 313 646 376 interdum
661 311 838 375 vaticinatos
843 310 954 392 fuisse
994 330 1090 369 rann.
1104 327 1214 370 xxxiv.

166 486 290 579 Atque
304 488 439 556 obeam
454 487 599 555 fortasse
613 507 754 555 causam
767 505 957 553 commune
969 479 1115 571 aliquod
1130 476 1214 546 olim

161 603 370 692 judicabant
388 624 463 671 esse
478 601 657 670 vinculum
675 598 803 669 insanis
821 621 901 668 cum
921 606 1046 668 vatum
1063 614 1216 684 cumque

166 727 349 809 poetarum
379 719 546 799 natione;
577 718 764 786 obscurum
792 714 935 806 quidem
962 712 1052 781 illud
1079 733 1123 780 ac
1150 730 1217 778 coe-

166 855 258 914 oum,
277 833 338 901 sed
355 855 431 901 esse
449 840 581 901 tamen.

218 946 345 1016 Nolite
370 955 490 1016 autem
518 956 653 1038 putare,
677 946 830 1026 obsecro,
858 944 1045 1014 evanidam
1075 961 1217 1033 prorsus

166 1069 204 1131 et
222 1062 416 1131 obsoletam
435 1064 593 1132 evenisse
619 1062 724 1130 hodie
745 1060 842 1130 illam
861 1059 1075 1149 opinionem,
1093 1062 1218 1147 postea

168 1176 333 1246 videlicet
360 1200 465 1268 quam
494 1199 530 1246 se
558 1175 738 1246 diffuderit
765 1176 927 1244 universo
953 1174 1039 1243 orbe
1065 1191 1218 1263 superno

167 1315 208 1361 uc
226 1315 308 1361 vera
327 1292 417 1360 Lux.
471 1291 567 1360 Nam
589 1292 712 1382 primo,
732 1291 923 1359 videndum
940 1312 985 1358 ne
1002 1289 1049 1358 sit
1070 1285 1217 1356 alienior

168 1432 190 1478 a
209 1409 388 1500 provincia
411 1409 553 1498 pietatis
570 1408 733 1476 universa
750 1407 895 1496 quaestio
917 1406 961 1473 de
987 1424 1119 1496 genere
1137 1423 1218 1470 cau·

169 1525 284 1615 sisque
311 1525 465 1593 insaniae.
519 1524 602 1591 Non
622 1523 718 1591 enim
736 1544 778 1590 eo
797 1520 942 1590 consilio
961 1519 1059 1589 venit
1084 1519 1122 1586 in
1148 1525 1217 1585 ter·

168 1662 223 1709 ras
253 1640 372 1708 divina
398 1638 552 1722 Veritas,
579 1646 621 1707 ut
648 1637 806 1707 difficiles
841 1636 993 1706 solveret
1027 1635 1151 1714 nodoS,
1180 1639 1217 1702 et

167 1763 294 1844 praesto
320 1761 412 1823 esset
439 1753 700 1844 disputantibus
722 1752 767 1820 de
792 1752 917 1826 animae
943 1759 1082 1832 natura,
1108 1747 1216 1817 etde

167 1871 303 1938 ratione
320 1869 534 1939 morborum.

218 1980 368 2063 Deinde,
387 2005 464 2073 quae
483 1984 526 2085 de
553 1983 628 2052 istis
654 1983 758 2052 rebus
783 2006 854 2051 non
880 1990 955 2050 tam
973 1980 1217 2051 demonstrant

167 2119 274 2186 quam
292 2098 500 2190 significant,
520 2097 617 2167 velut
635 2098 729 2167 aliud
749 2098 904 2190 agendo,
916 2096 1138 2166 Sacrosanoti
1158 2093 1217 2164 Li·

168 2212 233 2294 bri,
265 2235 307 2281 ea
337 2221 419 2282 sunt
453 2213 621 2304 profecto,
651 2237 728 2304 quae
762 2213 974 2282 seutentiam
1008 2209 1215 2302 popularem

169 2328 427 2410 commendare,
453 2352 524 2398 non
550 2329 770 2411 conturbare,
794 2329 989 2398 videantur.
1041 2326 1142 2410 Quot
1169 2322 1217 2395 ibi

167 2442 317 2534 legimus
344 2443 506 2513 historias
531 2443 717 2514 hominum
744 2445 937 2513 miserrime
960 2445 1173 2512 vexatorum
1197 2462 1218 2509 a

168 2556 339 2626 Daemone
358 2558 414 2626 vel
433 2582 503 2627 uno
522 2559 578 2628 vel
600 2556 778 2649 pluribus!
805 2580 953 2648 quorum
972 2579 1050 2647 quae
1076 2579 1217 2625 narran-

167 2679 225 2738 tur
243 2673 341 2764 signa
359 2675 562 2741 morborum
586 2696 668 2741 cum
694 2673 761 2742 illis
784 2673 888 2764 plane
906 2681 1115 2765 congruunt,
1136 2693 1216 2763 quae

167 2788 202 2854 in
221 2787 341 2856 oculos
359 2789 517 2878 quotidie
543 2791 727 2857 incurrunt
751 2789 844 2880 apud
867 2790 1015 2858 furiosos
1036 2796 1074 2856 et
1097 2810 1217 2857 amen-

168 2911 230 2971 tes.
285 2903 384 2971 Num
411 2906 520 2996 igitur
544 2904 607 2972 hos
635 2913 799 2994 praestare
828 2905 973 2973 audebit
998 2903 1125 2995 aliquis
1152 2905 1217 2972 im·

167 3038 331 3085 muuesa
348 3017 440 3086 mala
455 3018 667 3086 Daemouum
683 3019 741 3088 vi?
768 3018 841 3100 hoa,
855 3021 1009 3108 inquam,
1020 3019 1079 3108 qui
1098 3041 1216 3087 coram

166 3132 318 3201 adsunt?
355 3133 498 3215 Quanto
516 3135 628 3227 magis
646 3135 813 3203 credibile
831 3142 894 3215 est,
913 3136 1028 3225 prisco
1044 3134 1107 3202 illo
1124 3142 1217 3203 tem-

166 3267 260 3335 pore,
278 3246 435 3315 nondum
460 3257 582 3338 aperto
600 3249 695 3330 caelo,
715 3250 844 3319 fudisse
862 3251 1056 3318 identidem
1075 3248 1218 3317 oracula

166 3360 326 3448 quaedam
353 3383 415 3430 sua
439 3363 571 3433 Genios
598 3386 658 3432 seu
685 3367 809 3434 noxios
835 3387 896 3434 seu
922 3367 1102 3458 benignos,
1121 3373 1218 3455 post·

165 3496 270 3563 quam
297 3477 406 3545 semel
433 3481 536 3569 potiti
563 3481 704 3549 fuerant
734 3491 855 3550 mente
881 3481 1061 3558 diviniore,
1089 3488 1127 3548 et
1155 3501 1215 3548 oro

164 3611 293 3682 magna
321 3602 496 3675 sonatum,
524 3618 593 3663 non
626 3597 767 3685 penitus
798 3604 918 3664 tamen
948 3598 1001 3666 sui
1028 3594 1213 3685 compote!

165 3707 278 3796 qualis
296 3716 383 3787 erat,
402 3709 534 3799 opinor,
555 3710 752 3780 Lucretius

216 3820 351 3913 Magna
374 3823 442 3891 fuit
468 3826 661 3916 antiquitus
693 3829 787 3917 apud
817 3827 907 3907 illos,
934 3829 993 3917 qui
1022 3826 1214 3917 plurimum

166 3935 333 4005 videbant
361 3938 396 4005 in
425 3939 529 4009 rebus
556 3940 692 4022 divinis,
719 3943 847 4032 opinio,
874 3965 944 4010 uon
971 3943 1045 4010 siue
1069 3941 1216 4010 Daemo-

167 4071 252 4115 uuus
280 4072 346 4140 ope
370 4074 535 4142 respousa
561 4052 634 4120 dari
661 4053 898 4124 celeberrimis
924 4056 961 4122 in
989 4055 1113 4147 adytis,
1141 4053 1216 4125 Do·

168 4164 280 4232 douaci
299 4164 322 4233 J
325 4167 409 4249 ovis,
430 4166 608 4265 Apollinis
628 4168 778 4262 Pythici,
797 4170 999 4262 Trophonii,
1014 4170 1214 4250 Ammonis,
