2768 4876
197 296 263 362 622
409 298 474 375 Quo
488 295 522 358 lfa
537 297 597 360 lato
612 317 665 359 rua
678 294 837 359 latuerim
852 295 996 360 Haeret:
1068 321 1164 361 runt.
1172 321 1247 362 xxx.

200 476 374 538 monstrat
391 468 449 538 bic
466 470 564 560 quasi
582 470 694 561 digito
712 468 898 538 fluminum
919 493 960 539 ao
978 470 1156 562 sylvarum
1173 494 1249 563 per-

200 584 349 677 fugium.

253 701 331 771 Erit
349 701 495 770 fortasse
511 702 573 792 qui
591 701 640 770 sio
658 712 837 771 occurret:
860 699 1014 770 Omnem
1034 700 1126 769 banc
1144 723 1249 792 quam

201 817 307 886 bodio
340 817 513 908 explicavi
552 818 724 886 rationem
764 817 808 886 ad
848 824 989 907 tempus
1022 839 1069 885 ex
1107 816 1249 908 iugenio

200 932 291 1013 elici,
307 933 451 1024 soloque
469 934 667 1003 confirmari
685 932 850 1024 exemplo
868 931 1056 1002 Graiorum
1076 930 1248 1001 Poeseos:

200 1046 398 1130 Graiorum,
416 1050 571 1139 inquam,
589 1050 754 1139 quoniam
779 1071 824 1118 ex
850 1047 912 1117 illo
934 1048 1031 1139 quasi
1057 1046 1143 1116 ludo
1171 1069 1250 1138 pro-

200 1161 267 1230 diit
298 1171 395 1231 certe
426 1163 587 1232 Romana
616 1186 758 1254 quoque
788 1163 930 1232 familia
987 1162 1045 1231 Ex
1074 1161 1144 1232 hoc
1176 1160 1249 1230 effi-

199 1277 311 1358 ciunt,
328 1300 400 1347 non
423 1278 514 1347 bene
540 1279 657 1347 metiri
682 1301 744 1346 nos
765 1287 881 1348 artem
902 1302 945 1348 eo
967 1277 1123 1358 modulo,
1142 1299 1249 1369 quem

200 1391 268 1484 ipsi
284 1393 385 1462 nobis
402 1393 447 1461 ad
465 1394 610 1462 unicum
627 1392 716 1462 illud
733 1394 911 1484 specimen
929 1392 1141 1463 effinximus.

252 1508 379 1599 Itaque
405 1511 472 1578 erit
500 1531 614 1600 operae
639 1510 803 1600 pretium,
826 1510 944 1578 videre
965 1531 1036 1600 quo
1061 1530 1118 1578 res
1144 1531 1186 1578 ea
1211 1530 1249 1577 sc

200 1625 364 1696 habuerit
399 1624 477 1693 loco
509 1626 604 1715 apud
636 1633 762 1717 gentes
796 1624 950 1692 maxime
982 1624 1137 1693 diversas
1170 1631 1249 1692 tum

201 1747 362 1831 tempore
384 1749 462 1809 tum
485 1740 637 1832 ingenio.
690 1739 803 1811 Verbi
821 1762 945 1822 causa3
971 1741 1031 1831 qui
1051 1739 1158 1831 primi
1175 1761 1249 1808 om-

200 1856 300 1926 nium
333 1856 545 1925 carminibus
574 1857 706 1926 dabant
736 1876 887 1948 operam,
914 1856 1125 1925 sacrosancti
1153 1854 1249 1947 apud

202 1971 373 2042 Hebraeos
390 1973 467 2054 viri,
485 1972 785 2064 pulchritudinem
806 1970 898 2040 hanc
915 1970 1048 2050 mundi,
1065 1993 1149 2060 quae
1166 1994 1249 2040 ocu-

202 2086 245 2156 lis
279 2089 443 2168 comitur,
475 2088 621 2155 minime
656 2086 883 2180 negligebant
917 2084 969 2154 illi
999 2085 1158 2176 quidem,
1184 2086 1248 2156 sad

200 2225 317 2294 neque
342 2204 379 2271 iu
398 2224 442 2271 eo
459 2203 559 2294 quasi
584 2203 725 2294 proprio
743 2225 869 2293 campo
886 2201 960 2270 ullo
977 2208 1138 2291 tempore
1156 2203 1248 2292 quis·

199 2340 308 2408 quam
326 2340 449 2388 eorum
466 2317 658 2388 laborabat.
698 2318 767 2387 Tot
784 2319 883 2387 annis
900 2317 1100 2387 scribebant
1118 2339 1247 2400 versus,

200 2435 350 2504 artificio
375 2434 659 2525 exquisitissimo,
676 2433 861 2503 sententiis
884 2432 1070 2523 verbisque
1093 2433 1248 2503 ardenti-

202 2549 278 2632 bus,
305 2572 419 2640 neque
449 2573 606 2640 unquam
636 2551 673 2618 iu
703 2572 783 2619 rure
812 2572 854 2618 ac
883 2558 1009 2618 natura
1039 2547 1248 2617 celebranda

202 2688 350 2756 posuere
376 2687 550 2734 summam
576 2665 683 2734 ullius
708 2688 754 2734 ne
780 2665 974 2734 brevissimi
1001 2664 1144 2755 quidem
1174 2686 1248 2733 car-

202 2782 317 2851 minis
367 2780 464 2864 Quid
482 2781 556 2850 itai
587 2781 718 2868 (dicam
736 2781 840 2862 enim,
865 2778 963 2848 salva
988 2779 1246 2871 praesentissimi

171 2978 175 2986 ¹
204 2894 372 2966 Numinis
397 2898 619 2990 reverentia).
673 2896 757 2965 Fuit
784 2897 953 2987 profecto,
978 2895 1047 2965 luit
1070 2895 1152 2978 illis,
1178 2918 1247 2985 quo

202 3022 363 3083 caruerat
389 3015 502 3082 omnis
523 3013 711 3083 Graiorum
737 3013 874 3093 chorus,
891 3020 966 3081 tam
987 3011 1124 3105 Tragici
1142 3034 1247 3102 quam

205 3130 399 3199 Homerici.
450 3128 523 3220 Spe
540 3129 748 3198 fruebantur
770 3129 863 3197 bona
880 3136 1045 3217 certaque
1063 3135 1140 3195 tum
1159 3127 1248 3196 veri·

202 3247 287 3316 tatis
302 3246 545 3337 adipiscendae,
563 3253 639 3314 tum
658 3245 750 3313 bene
767 3244 941 3334 beateque
957 3243 1108 3311 vivendi.
1163 3241 1248 3310 Non

201 3382 292 3451 opus
307 3370 409 3429 erant
426 3359 495 3429 illis
511 3361 649 3429 umbrae
670 3360 829 3450 rurisque
854 3359 1063 3450 perfugium,
1080 3381 1153 3449 quo
1171 3379 1249 3449 pos-

200 3484 283 3544 sent
294 3498 434 3544 cursum
452 3476 582 3544 referre
599 3475 704 3544 taedio
716 3498 759 3544 ac
776 3496 924 3543 moerore
938 3474 1102 3543 confecti.
1137 3473 1249 3565 Quip-

203 3613 249 3682 pe
280 3570 385 3659 Eum·
405 3591 586 3660 habebant
620 3592 830 3682 principium
863 3591 996 3681 pariter
1029 3598 1066 3659 et
1098 3591 1247 3670 exitum,

200 3707 304 3797 cujus
325 3730 448 3775 amore
473 3707 583 3776 semel
608 3707 738 3776 imbuti
763 3706 851 3775 nulli
877 3730 992 3797 neque
1017 3706 1158 3775 moerori
1183 3727 1249 3774 noc

202 3825 309 3892 tudio
329 3830 448 3892 essent
468 3822 622 3890 obnoxii.
674 3821 812 3892 Aderat
837 3821 907 3890 illis
932 3822 1064 3912 pariter
1086 3821 1249 3890 omnibus

202 3939 301 4007 omni
331 3946 491 4028 tempore
521 3946 558 4005 et
593 3937 670 4005 loco
704 3938 972 4028 praesentissima
1001 3936 1087 4018 lux3
1121 3959 1192 4027 qua
1220 3937 1249 4005 si

204 4054 295 4122 forte
318 4076 436 4123 carere
462 4053 527 4122 sibi
549 4051 768 4133 videbantur,
791 4076 854 4122 seu
881 4051 985 4143 culpa
1010 4074 1073 4120 sua
1098 4051 1172 4120 sive
1197 4051 1249 4119 in·

202 4169 360 4238 fortunio
374 4169 541 4260 quodam,
558 4192 628 4237 uon
647 4169 690 4237 ad
712 4167 858 4238 flumina
874 4168 1053 4258 uallesque
1070 4166 1249 4260 confugie-

203 4282 300 4364 bant,
317 4306 388 4352 non
405 4283 450 4353 ad
469 4305 553 4353 saxa
570 4293 607 4353 et
623 4284 840 4365 solitudines,
858 4290 1027 4375 tauquam
1048 4282 1085 4350 in
1103 4290 1249 4354 externa
