<?xml version="1.0" encoding="UTF-8"?>
<!DOCTYPE html PUBLIC "-//W3C//DTD XHTML 1.0 Transitional//EN"
    "http://www.w3.org/TR/xhtml1/DTD/xhtml1-transitional.dtd">
<html xmlns="http://www.w3.org/1999/xhtml" xml:lang="en" lang="en">
 <head>
  <title>
</title>
<meta http-equiv="Content-Type" content="text/html;charset=utf-8" />
  <meta name='ocr-system' content='tesseract 3.04.00' />
  <meta name='ocr-capabilities' content='ocr_page ocr_carea ocr_par ocr_line ocrx_word'/>
</head>
<body>
  <div class='ocr_page' id='page_1' title='image "./depoeticaevimed00keblgoog_0461.png"; bbox 0 0 2768 4876; ppageno 0'>
   <div class='ocr_carea' id='block_1_1' title="bbox 166 285 850 351">
    <p class='ocr_par' dir='ltr' id='par_1_1' title="bbox 166 285 850 351">
     <span class='ocr_line' id='line_1_1' title="bbox 166 285 850 351; baseline -0.001 0"><span class='ocrx_word' id='word_1_1' title='bbox 166 285 232 351; x_wconf 85' lang='grc'><strong>886</strong></span> <span class='ocrx_word' id='word_1_2' title='bbox 634 286 850 351; x_wconf 82' lang='lat' dir='ltr'><strong>INDEX.</strong></span> 
     </span>
    </p>
   </div>
   <div class='ocr_carea' id='block_1_2' title="bbox 168 431 1316 4497">
    <p class='ocr_par' dir='ltr' id='par_1_2' title="bbox 202 431 1315 658">
     <span class='ocr_line' id='line_1_2' title="bbox 202 431 1315 507; baseline -0.004 -14"><span class='ocrx_word' id='word_1_3' title='bbox 202 438 276 493; x_wconf 85' lang='lat' dir='ltr'><strong>xxiii.</strong></span> <span class='ocrx_word' id='word_1_4' title='bbox 301 453 363 504; x_wconf 89' lang='grc'><strong>440.</strong></span> <span class='ocrx_word' id='word_1_5' title='bbox 401 435 541 507; x_wconf 77' lang='lat' dir='ltr'><strong>Iphigenia</strong></span> <span class='ocrx_word' id='word_1_6' title='bbox 563 434 717 490; x_wconf 84' lang='lat' dir='ltr'><strong>Aulidemis</strong></span> <span class='ocrx_word' id='word_1_7' title='bbox 766 433 946 506; x_wconf 77' lang='lat' dir='ltr'><strong>Jarisjaraadi</strong></span> <span class='ocrx_word' id='word_1_8' title='bbox 962 431 1228 505; x_wconf 72' lang='lat' dir='ltr'><strong>religionem-love</strong></span> <span class='ocrx_word' id='word_1_9' title='bbox 1242 433 1315 488; x_wconf 85' lang='lat' dir='ltr'><strong>ahra-</strong></span> 
     </span>
     <span class='ocr_line' id='line_1_3' title="bbox 203 503 1315 590; baseline -0.004 -28"><span class='ocrx_word' id='word_1_10' title='bbox 203 516 305 590; x_wconf 83' lang='lat' dir='ltr'><strong>pstrem</strong></span> <span class='ocrx_word' id='word_1_11' title='bbox 324 508 468 589; x_wconf 86' lang='lat' dir='ltr'><strong>appellans,</strong></span> <span class='ocrx_word' id='word_1_12' title='bbox 488 507 590 577; x_wconf 88' lang='lat' dir='ltr'><strong>xxix.5</strong></span> <span class='ocrx_word' id='word_1_13' title='bbox 610 519 635 577; x_wconf 82' lang='lat'><strong>7.</strong></span> <span class='ocrx_word' id='word_1_14' title='bbox 660 507 717 578; x_wconf 87' lang='lat' dir='ltr'><strong>ejus</strong></span> <span class='ocrx_word' id='word_1_15' title='bbox 802 506 860 577; x_wconf 87' lang='lat' dir='ltr'><strong>gari</strong></span> <span class='ocrx_word' id='word_1_16' title='bbox 882 523 969 576; x_wconf 88' lang='lat' dir='ltr'><strong>posse,</strong></span> <span class='ocrx_word' id='word_1_17' title='bbox 990 505 1054 558; x_wconf 87' lang='lat' dir='ltr'><strong>xxii.</strong></span> <span class='ocrx_word' id='word_1_18' title='bbox 1079 521 1142 574; x_wconf 87' lang='grc'><strong>433.</strong></span> <span class='ocrx_word' id='word_1_19' title='bbox 1174 503 1315 575; x_wconf 83' lang='lat' dir='ltr'><strong>Olympici,</strong></span> 
     </span>
     <span class='ocr_line' id='line_1_4' title="bbox 205 573 1315 658; baseline -0.005 -27"><span class='ocrx_word' id='word_1_20' title='bbox 205 587 390 631; x_wconf 75' lang='lat' dir='ltr'><strong>cnconstantrae</strong></span> <span class='ocrx_word' id='word_1_21' title='bbox 403 577 477 639; x_wconf 89' lang='lat' dir='ltr'><strong>ratio,</strong></span> <span class='ocrx_word' id='word_1_22' title='bbox 490 590 524 658; x_wconf 86' lang='lat'><strong>59</strong></span> <span class='ocrx_word' id='word_1_23' title='bbox 616 593 640 630; x_wconf 93' lang='lat'><strong>1.</strong></span> <span class='ocrx_word' id='word_1_24' title='bbox 802 575 903 630; x_wconf 89' lang='lat' dir='ltr'><strong>mentio</strong></span> <span class='ocrx_word' id='word_1_25' title='bbox 926 575 998 646; x_wconf 91' lang='lat' dir='ltr'><strong>apud</strong></span> <span class='ocrx_word' id='word_1_26' title='bbox 1022 573 1172 629; x_wconf 78' lang='lat' dir='ltr'><strong>Pindarum</strong></span> <span class='ocrx_word' id='word_1_27' title='bbox 1200 575 1315 643; x_wconf 84' lang='lat' dir='ltr'><strong>repetita,</strong></span> 
     </span>
    </p>

    <p class='ocr_par' dir='ltr' id='par_1_3' title="bbox 170 647 936 719">
     <span class='ocr_line' id='line_1_5' title="bbox 170 647 936 719; baseline -0.003 -18"><span class='ocrx_word' id='word_1_28' title='bbox 170 648 229 719; x_wconf 82' lang='lat' dir='ltr'><strong>lpse</strong></span> <span class='ocrx_word' id='word_1_29' title='bbox 253 647 328 711; x_wconf 78' lang='lat' dir='ltr'><strong>dicit,</strong></span> <span class='ocrx_word' id='word_1_30' title='bbox 347 647 394 701; x_wconf 92' lang='lat' dir='ltr'><strong>uhi</strong></span> <span class='ocrx_word' id='word_1_31' title='bbox 415 657 456 701; x_wconf 86' lang='lat' dir='ltr'><strong>sat</strong></span> <span class='ocrx_word' id='word_1_32' title='bbox 477 655 525 701; x_wconf 89' lang='lat' dir='ltr'><strong>ent</strong></span> <span class='ocrx_word' id='word_1_33' title='bbox 544 665 575 700; x_wconf 88' lang='lat' dir='ltr'><strong>ea</strong></span> <span class='ocrx_word' id='word_1_34' title='bbox 594 647 717 710; x_wconf 76' lang='lat' dir='ltr'><strong>formaria,</strong></span> <span class='ocrx_word' id='word_1_35' title='bbox 803 663 865 700; x_wconf 92' lang='lat' dir='ltr'><strong>xxv.</strong></span> <span class='ocrx_word' id='word_1_36' title='bbox 875 663 936 716; x_wconf 87' lang='lat'><strong>494.</strong></span> 
     </span>
    </p>

    <p class='ocr_par' dir='ltr' id='par_1_4' title="bbox 206 713 1315 798">
     <span class='ocr_line' id='line_1_6' title="bbox 206 713 1315 798; baseline -0.004 -28"><span class='ocrx_word' id='word_1_37' title='bbox 206 718 268 770; x_wconf 84' lang='lat' dir='ltr'><strong>xxii.</strong></span> <span class='ocrx_word' id='word_1_38' title='bbox 277 735 338 798; x_wconf 88' lang='lat'>429.</span> <span class='ocrx_word' id='word_1_39' title='bbox 767 717 915 785; x_wconf 68' lang='lat' dir='ltr'><strong>laetificari</strong></span> <span class='ocrx_word' id='word_1_40' title='bbox 926 733 973 786; x_wconf 91' lang='lat' dir='ltr'><strong>per</strong></span> <span class='ocrx_word' id='word_1_41' title='bbox 989 713 1189 785; x_wconf 76' lang='lat' dir='ltr'><strong>philosophiam</strong></span> <span class='ocrx_word' id='word_1_42' title='bbox 1198 713 1315 776; x_wconf 79' lang='lat' dir='ltr'><strong>Graecos,</strong></span> 
     </span>
    </p>

    <p class='ocr_par' dir='ltr' id='par_1_5' title="bbox 168 785 1316 1007">
     <span class='ocr_line' id='line_1_7' title="bbox 168 785 913 842; baseline -0.003 -1"><span class='ocrx_word' id='word_1_43' title='bbox 168 788 240 842; x_wconf 83' lang='lat' dir='ltr'><strong>Iram</strong></span> <span class='ocrx_word' id='word_1_44' title='bbox 252 787 363 840; x_wconf 81' lang='lat' dir='ltr'><strong>Achillis</strong></span> <span class='ocrx_word' id='word_1_45' title='bbox 379 804 434 840; x_wconf 90' lang='lat' dir='ltr'><strong>non</strong></span> <span class='ocrx_word' id='word_1_46' title='bbox 451 802 508 840; x_wconf 87' lang='lat' dir='ltr'><strong>esse</strong></span> <span class='ocrx_word' id='word_1_47' title='bbox 526 803 659 840; x_wconf 82' lang='lat' dir='ltr'><strong>summam</strong></span> <span class='ocrx_word' id='word_1_48' title='bbox 673 785 718 839; x_wconf 91' lang='lat' dir='ltr'><strong>Ili·</strong></span> <span class='ocrx_word' id='word_1_49' title='bbox 803 788 839 840; x_wconf 89' lang='lat' dir='ltr'><strong>xl.</strong></span> <span class='ocrx_word' id='word_1_50' title='bbox 852 787 913 840; x_wconf 88' lang='lat'>810.</span> 
     </span>
     <span class='ocr_line' id='line_1_8' title="bbox 204 848 1316 926; baseline -0.005 -15"><span class='ocrx_word' id='word_1_51' title='bbox 204 857 271 919; x_wconf 85' lang='lat' dir='ltr'><strong>adis,</strong></span> <span class='ocrx_word' id='word_1_52' title='bbox 292 857 337 910; x_wconf 90' lang='lat' dir='ltr'><strong>vii.</strong></span> <span class='ocrx_word' id='word_1_53' title='bbox 353 858 396 911; x_wconf 90' lang='lat'><strong>88.</strong></span> <span class='ocrx_word' id='word_1_54' title='bbox 423 856 471 910; x_wconf 88' lang='lat' dir='ltr'><strong>sed</strong></span> <span class='ocrx_word' id='word_1_55' title='bbox 494 856 583 926; x_wconf 91' lang='lat' dir='ltr'><strong>potius</strong></span> <span class='ocrx_word' id='word_1_56' title='bbox 608 854 718 911; x_wconf 90' lang='lat' dir='ltr'><strong>Nodum</strong></span> <span class='ocrx_word' id='word_1_57' title='bbox 769 857 797 909; x_wconf 91' lang='lat' dir='ltr'><strong>S.</strong></span> <span class='ocrx_word' id='word_1_58' title='bbox 812 853 933 909; x_wconf 67' lang='lat' dir='ltr'><strong>lustinus</strong></span> <span class='ocrx_word' id='word_1_59' title='bbox 947 854 1064 923; x_wconf 73' lang='lat' dir='ltr'><strong>Martyr,</strong></span> <span class='ocrx_word' id='word_1_60' title='bbox 1083 872 1099 907; x_wconf 88' lang='lat' dir='ltr'><strong>a</strong></span> <span class='ocrx_word' id='word_1_61' title='bbox 1117 853 1263 907; x_wconf 87' lang='lat' dir='ltr'><strong>Platonicis</strong></span> <span class='ocrx_word' id='word_1_62' title='bbox 1284 848 1316 905; x_wconf 89' lang='lat' dir='ltr'><strong>ad</strong></span> 
     </span>
     <span class='ocr_line' id='line_1_9' title="bbox 207 924 1252 1007; baseline -0.004 -28"><span class='ocrx_word' id='word_1_63' title='bbox 207 928 274 997; x_wconf 87' lang='lat' dir='ltr'><strong>ejus,</strong></span> <span class='ocrx_word' id='word_1_64' title='bbox 288 926 331 1007; x_wconf 88' lang='lat'><strong>89,</strong></span> <span class='ocrx_word' id='word_1_65' title='bbox 344 943 388 997; x_wconf 87' lang='lat'><strong>90.</strong></span> <span class='ocrx_word' id='word_1_66' title='bbox 803 925 948 979; x_wconf 86' lang='lat' dir='ltr'><strong>Veritatem</strong></span> <span class='ocrx_word' id='word_1_67' title='bbox 959 924 1128 986; x_wconf 79' lang='lat' dir='ltr'><strong>informatus,</strong></span> <span class='ocrx_word' id='word_1_68' title='bbox 1142 925 1180 977; x_wconf 91' lang='lat' dir='ltr'><strong>xl.</strong></span> <span class='ocrx_word' id='word_1_69' title='bbox 1190 924 1252 989; x_wconf 95' lang='grc'><strong>804.</strong></span> 
     </span>
    </p>

    <p class='ocr_par' dir='ltr' id='par_1_6' title="bbox 169 993 1316 1484">
     <span class='ocr_line' id='line_1_10' title="bbox 169 993 1315 1067; baseline -0.003 -18"><span class='ocrx_word' id='word_1_70' title='bbox 169 996 260 1050; x_wconf 77' lang='lat' dir='ltr'><strong>ironia</strong></span> <span class='ocrx_word' id='word_1_71' title='bbox 271 996 469 1058; x_wconf 87' lang='lat' dir='ltr'><strong>anariorum,</strong></span> <span class='ocrx_word' id='word_1_72' title='bbox 482 1013 507 1048; x_wconf 83' lang='lat' dir='ltr'><strong>v.</strong></span> <span class='ocrx_word' id='word_1_73' title='bbox 518 995 631 1067; x_wconf 83' lang='lat'><strong>69-71.</strong></span> <span class='ocrx_word' id='word_1_74' title='bbox 651 994 717 1049; x_wconf 91' lang='lat' dir='ltr'><strong>Pro·</strong></span> <span class='ocrx_word' id='word_1_75' title='bbox 766 996 901 1049; x_wconf 75' lang='lat' dir='ltr'><strong>quenalis</strong></span> <span class='ocrx_word' id='word_1_76' title='bbox 913 994 945 1048; x_wconf 93' lang='lat' dir='ltr'><strong>de</strong></span> <span class='ocrx_word' id='word_1_77' title='bbox 957 1012 1104 1064; x_wconf 87' lang='lat' dir='ltr'><strong>pauperum</strong></span> <span class='ocrx_word' id='word_1_78' title='bbox 1118 993 1197 1046; x_wconf 91' lang='lat' dir='ltr'><strong>Poesi</strong></span> <span class='ocrx_word' id='word_1_79' title='bbox 1212 1001 1315 1046; x_wconf 92' lang='lat' dir='ltr'><strong>senten·</strong></span> 
     </span>
     <span class='ocr_line' id='line_1_11' title="bbox 204 1062 1315 1136; baseline -0.003 -18"><span class='ocrx_word' id='word_1_80' title='bbox 204 1066 354 1136; x_wconf 90' lang='lat' dir='ltr'><strong>phetarum,</strong></span> <span class='ocrx_word' id='word_1_81' title='bbox 376 1079 418 1136; x_wconf 93' lang='grc'><strong>70.</strong></span> <span class='ocrx_word' id='word_1_82' title='bbox 437 1066 529 1128; x_wconf 87' lang='lat' dir='ltr'><strong>lenior,</strong></span> <span class='ocrx_word' id='word_1_83' title='bbox 555 1083 583 1118; x_wconf 87' lang='lat' dir='ltr'><strong>se</strong></span> <span class='ocrx_word' id='word_1_84' title='bbox 606 1064 717 1118; x_wconf 88' lang='lat' dir='ltr'><strong>irriden·</strong></span> <span class='ocrx_word' id='word_1_85' title='bbox 795 1066 840 1129; x_wconf 87' lang='lat' dir='ltr'><strong>tia,</strong></span> <span class='ocrx_word' id='word_1_86' title='bbox 853 1066 881 1118; x_wconf 88' lang='lat' dir='ltr'><strong>ii.</strong></span> <span class='ocrx_word' id='word_1_87' title='bbox 892 1078 932 1135; x_wconf 82' lang='lat'><strong>17.</strong></span> <span class='ocrx_word' id='word_1_88' title='bbox 951 1064 1041 1118; x_wconf 88' lang='lat' dir='ltr'><strong>omnia</strong></span> <span class='ocrx_word' id='word_1_89' title='bbox 1055 1081 1117 1117; x_wconf 89' lang='lat' dir='ltr'><strong>cum</strong></span> <span class='ocrx_word' id='word_1_90' title='bbox 1134 1062 1315 1132; x_wconf 75' lang='lat' dir='ltr'><strong>indignatione</strong></span> 
     </span>
     <span class='ocr_line' id='line_1_12' title="bbox 203 1133 990 1206; baseline -0.005 -16"><span class='ocrx_word' id='word_1_91' title='bbox 203 1137 281 1198; x_wconf 86' lang='lat' dir='ltr'><strong>tium,</strong></span> <span class='ocrx_word' id='word_1_92' title='bbox 292 1148 334 1206; x_wconf 83' lang='lat'><strong>71.</strong></span> <span class='ocrx_word' id='word_1_93' title='bbox 354 1153 387 1188; x_wconf 88' lang='lat' dir='ltr'><strong>an</strong></span> <span class='ocrx_word' id='word_1_94' title='bbox 400 1153 431 1189; x_wconf 87' lang='lat' dir='ltr'><strong>ea</strong></span> <span class='ocrx_word' id='word_1_95' title='bbox 442 1153 509 1189; x_wconf 92' lang='lat' dir='ltr'><strong>usus</strong></span> <span class='ocrx_word' id='word_1_96' title='bbox 524 1136 558 1188; x_wconf 90' lang='lat' dir='ltr'><strong>sit</strong></span> <span class='ocrx_word' id='word_1_97' title='bbox 570 1136 717 1205; x_wconf 84' lang='lat' dir='ltr'><strong>AEschylus</strong></span> <span class='ocrx_word' id='word_1_98' title='bbox 802 1135 886 1198; x_wconf 87' lang='lat' dir='ltr'><strong>effert,</strong></span> <span class='ocrx_word' id='word_1_99' title='bbox 901 1134 936 1189; x_wconf 92' lang='lat' dir='ltr'><strong>vi.</strong></span> <span class='ocrx_word' id='word_1_100' title='bbox 948 1133 990 1204; x_wconf 86' lang='lat'><strong>76.</strong></span> 
     </span>
     <span class='ocr_line' id='line_1_13' title="bbox 204 1202 1316 1286; baseline -0.004 -27"><span class='ocrx_word' id='word_1_101' title='bbox 204 1206 232 1260; x_wconf 93' lang='lat' dir='ltr'><strong>in</strong></span> <span class='ocrx_word' id='word_1_102' title='bbox 241 1205 344 1269; x_wconf 88' lang='lat' dir='ltr'><strong>Persas,</strong></span> <span class='ocrx_word' id='word_1_103' title='bbox 352 1205 414 1258; x_wconf 91' lang='lat' dir='ltr'><strong>xvii.</strong></span> <span class='ocrx_word' id='word_1_104' title='bbox 425 1219 486 1286; x_wconf 82' lang='grc'><strong>305.</strong></span> <span class='ocrx_word' id='word_1_105' title='bbox 506 1204 613 1258; x_wconf 85' lang='lat' dir='ltr'><strong>Pindari</strong></span> <span class='ocrx_word' id='word_1_106' title='bbox 625 1205 718 1258; x_wconf 83' lang='lat' dir='ltr'><strong>festiva</strong></span> <span class='ocrx_word' id='word_1_107' title='bbox 766 1205 874 1259; x_wconf 71' lang='lat' dir='ltr'><strong>Juvenal</strong></span> <span class='ocrx_word' id='word_1_108' title='bbox 903 1205 931 1257; x_wconf 90' lang='lat' dir='ltr'><strong>in</strong></span> <span class='ocrx_word' id='word_1_109' title='bbox 962 1202 1116 1273; x_wconf 71' lang='lat' dir='ltr'><strong>Georgicis</strong></span> <span class='ocrx_word' id='word_1_110' title='bbox 1132 1210 1316 1272; x_wconf 84' lang='lat' dir='ltr'><strong>protervorum</strong></span> 
     </span>
     <span class='ocr_line' id='line_1_14' title="bbox 204 1271 1315 1345; baseline -0.003 -17"><span class='ocrx_word' id='word_1_111' title='bbox 204 1276 275 1328; x_wconf 83' lang='lat' dir='ltr'><strong>xxvi.</strong></span> <span class='ocrx_word' id='word_1_112' title='bbox 284 1290 345 1345; x_wconf 89' lang='lat'><strong>520.</strong></span> <span class='ocrx_word' id='word_1_113' title='bbox 374 1274 509 1344; x_wconf 79' lang='lat' dir='ltr'><strong>Euripidis</strong></span> <span class='ocrx_word' id='word_1_114' title='bbox 527 1275 556 1328; x_wconf 92' lang='lat' dir='ltr'><strong>in</strong></span> <span class='ocrx_word' id='word_1_115' title='bbox 575 1275 718 1328; x_wconf 88' lang='lat' dir='ltr'><strong>mulierum</strong></span> <span class='ocrx_word' id='word_1_116' title='bbox 802 1274 1009 1329; x_wconf 88' lang='lat' dir='ltr'><strong>adolescentium</strong></span> <span class='ocrx_word' id='word_1_117' title='bbox 1029 1281 1094 1327; x_wconf 89' lang='lat' dir='ltr'><strong>sunt</strong></span> <span class='ocrx_word' id='word_1_118' title='bbox 1110 1271 1315 1336; x_wconf 68' lang='lat' dir='ltr'><strong>instanxxxvii.</strong></span> 
     </span>
     <span class='ocr_line' id='line_1_15' title="bbox 192 1344 865 1417; baseline 0.003 -19"><span class='ocrx_word' id='word_1_119' title='bbox 192 1380 196 1385; x_wconf 91' lang='lat'>-</span> <span class='ocrx_word' id='word_1_120' title='bbox 223 1363 299 1409; x_wconf 90' lang='lat' dir='ltr'><strong>enus,</strong></span> <span class='ocrx_word' id='word_1_121' title='bbox 312 1345 383 1398; x_wconf 85' lang='lat' dir='ltr'><strong>xxix.</strong></span> <span class='ocrx_word' id='word_1_122' title='bbox 397 1344 457 1414; x_wconf 90' lang='lat'><strong>605.</strong></span> <span class='ocrx_word' id='word_1_123' title='bbox 476 1344 621 1415; x_wconf 86' lang='lat' dir='ltr'><strong>Virgiliiin</strong></span> <span class='ocrx_word' id='word_1_124' title='bbox 637 1361 717 1414; x_wconf 90' lang='lat' dir='ltr'><strong>pecu-</strong></span> <span class='ocrx_word' id='word_1_125' title='bbox 804 1359 865 1417; x_wconf 84' lang='grc'><strong>750.</strong></span> 
     </span>
     <span class='ocr_line' id='line_1_16' title="bbox 203 1363 1061 1484; baseline -0.002 -16"><span class='ocrx_word' id='word_1_126' title='bbox 203 1363 250 1468; x_wconf 58' lang='lat' dir='ltr'><strong>dea</strong></span> <span class='ocrx_word' id='word_1_127' title='bbox 263 1433 293 1469; x_wconf 89' lang='lat' dir='ltr'><strong>ac</strong></span> <span class='ocrx_word' id='word_1_128' title='bbox 306 1415 383 1479; x_wconf 84' lang='lat' dir='ltr'><strong>ieras,</strong></span> <span class='ocrx_word' id='word_1_129' title='bbox 396 1415 495 1468; x_wconf 89' lang='lat' dir='ltr'><strong>xxxvii.</strong></span> <span class='ocrx_word' id='word_1_130' title='bbox 505 1427 565 1484; x_wconf 86' lang='lat'><strong>750.</strong></span> <span class='ocrx_word' id='word_1_131' title='bbox 1025 1413 1061 1467; x_wconf 92' lang='lat' dir='ltr'><strong>K.</strong></span> 
     </span>
    </p>

    <p class='ocr_par' dir='ltr' id='par_1_7' title="bbox 168 1480 1315 1557">
     <span class='ocr_line' id='line_1_17' title="bbox 168 1480 1315 1557; baseline -0.003 -18"><span class='ocrx_word' id='word_1_132' title='bbox 168 1485 209 1539; x_wconf 85' lang='lat' dir='ltr'><strong>lri</strong></span> <span class='ocrx_word' id='word_1_133' title='bbox 221 1485 374 1548; x_wconf 78' lang='grc' dir='ltr'>ἐπεισόδιον,</span> <span class='ocrx_word' id='word_1_134' title='bbox 383 1502 437 1557; x_wconf 91' lang='lat' dir='ltr'><strong>quo</strong></span> <span class='ocrx_word' id='word_1_135' title='bbox 445 1485 581 1554; x_wconf 87' lang='lat' dir='ltr'><strong>pertineat,</strong></span> <span class='ocrx_word' id='word_1_136' title='bbox 590 1484 644 1538; x_wconf 85' lang='lat' dir='ltr'><strong>xiv.</strong></span> <span class='ocrx_word' id='word_1_137' title='bbox 656 1500 717 1554; x_wconf 88' lang='grc'><strong>034.</strong></span> <span class='ocrx_word' id='word_1_138' title='bbox 769 1488 865 1555; x_wconf 72' lang='lat' dir='ltr'><strong>Kalpas</strong></span> <span class='ocrx_word' id='word_1_139' title='bbox 882 1484 954 1555; x_wconf 87' lang='lat' dir='ltr'><strong>apud</strong></span> <span class='ocrx_word' id='word_1_140' title='bbox 972 1483 1120 1538; x_wconf 86' lang='lat' dir='ltr'><strong>Pindarum</strong></span> <span class='ocrx_word' id='word_1_141' title='bbox 1139 1480 1206 1554; x_wconf 89' lang='lat' dir='ltr'><strong>quid</strong></span> <span class='ocrx_word' id='word_1_142' title='bbox 1223 1483 1315 1544; x_wconf 88' lang='lat' dir='ltr'><strong>valeat,</strong></span> 
     </span>
    </p>

    <p class='ocr_par' dir='ltr' id='par_1_8' title="bbox 169 1555 937 1625">
     <span class='ocr_line' id='line_1_18' title="bbox 169 1555 937 1625; baseline -0.001 -16"><span class='ocrx_word' id='word_1_143' title='bbox 169 1555 286 1618; x_wconf 77' lang='grc'><strong>100000,</strong></span> <span class='ocrx_word' id='word_1_144' title='bbox 299 1557 415 1608; x_wconf 84' lang='lat' dir='ltr'><strong>carmine</strong></span> <span class='ocrx_word' id='word_1_145' title='bbox 426 1555 582 1618; x_wconf 89' lang='lat' dir='ltr'><strong>vaticinans,</strong></span> <span class='ocrx_word' id='word_1_146' title='bbox 594 1555 630 1608; x_wconf 90' lang='lat' dir='ltr'><strong>iv.</strong></span> <span class='ocrx_word' id='word_1_147' title='bbox 639 1572 682 1625; x_wconf 90' lang='lat'><strong>49.</strong></span> <span class='ocrx_word' id='word_1_148' title='bbox 803 1573 866 1609; x_wconf 91' lang='lat' dir='ltr'><strong>xxv.</strong></span> <span class='ocrx_word' id='word_1_149' title='bbox 876 1570 937 1625; x_wconf 83' lang='lat'><strong>513.</strong></span> 
     </span>
    </p>

    <p class='ocr_par' dir='ltr' id='par_1_9' title="bbox 168 1621 1315 1759">
     <span class='ocr_line' id='line_1_19' title="bbox 168 1621 1315 1748; baseline -0.003 -71"><span class='ocrx_word' id='word_1_150' title='bbox 168 1624 353 1748; x_wconf 74' lang='lat' dir='ltr'><strong>lroaratea68de</strong></span> <span class='ocrx_word' id='word_1_151' title='bbox 370 1625 574 1679; x_wconf 87' lang='lat' dir='ltr'><strong>Heraclidamm</strong></span> <span class='ocrx_word' id='word_1_152' title='bbox 590 1634 718 1695; x_wconf 88' lang='lat' dir='ltr'><strong>tempore,</strong></span> <span class='ocrx_word' id='word_1_153' title='bbox 768 1626 922 1681; x_wconf 75' lang='grc' dir='ltr'>Καλλίνικος</span> <span class='ocrx_word' id='word_1_154' title='bbox 941 1638 1046 1678; x_wconf 88' lang='lat' dir='ltr'><strong>carmen</strong></span> <span class='ocrx_word' id='word_1_155' title='bbox 1068 1622 1204 1694; x_wconf 74' lang='lat' dir='ltr'><strong>Olympiae</strong></span> <span class='ocrx_word' id='word_1_156' title='bbox 1225 1621 1315 1675; x_wconf 86' lang='lat' dir='ltr'><strong>recita·</strong></span> 
     </span>
     <span class='ocr_line' id='line_1_20' title="bbox 206 1705 1020 1759; baseline 0.001 -11"><span class='ocrx_word' id='word_1_157' title='bbox 206 1711 286 1748; x_wconf 79' lang='lat' dir='ltr'><strong>xvaa</strong></span> <span class='ocrx_word' id='word_1_158' title='bbox 324 1733 330 1747; x_wconf 82' lang='lat'><strong>.</strong></span> <span class='ocrx_word' id='word_1_159' title='bbox 803 1705 871 1759; x_wconf 89' lang='lat' dir='ltr'><strong>tum,</strong></span> <span class='ocrx_word' id='word_1_160' title='bbox 883 1713 946 1750; x_wconf 87' lang='lat' dir='ltr'><strong>xxv.</strong></span> <span class='ocrx_word' id='word_1_161' title='bbox 1013 1733 1020 1748; x_wconf 84' lang='lat'><strong>.</strong></span> 
     </span>
    </p>

    <p class='ocr_par' dir='ltr' id='par_1_10' title="bbox 170 1712 1315 1916">
     <span class='ocr_line' id='line_1_21' title="bbox 170 1712 1315 1835; baseline -0.003 -18"><span class='ocrx_word' id='word_1_162' title='bbox 170 1763 334 1817; x_wconf 82' lang='lat' dir='ltr'><strong>lcthmioram</strong></span> <span class='ocrx_word' id='word_1_163' title='bbox 349 1765 416 1818; x_wconf 86' lang='lat' dir='ltr'><strong>sexti</strong></span> <span class='ocrx_word' id='word_1_164' title='bbox 434 1763 505 1835; x_wconf 90' lang='lat' dir='ltr'><strong>apud</strong></span> <span class='ocrx_word' id='word_1_165' title='bbox 518 1763 666 1818; x_wconf 84' lang='lat' dir='ltr'><strong>Pindarum</strong></span> <span class='ocrx_word' id='word_1_166' title='bbox 677 1781 719 1818; x_wconf 89' lang='lat' dir='ltr'><strong>ra-</strong></span> <span class='ocrx_word' id='word_1_167' title='bbox 769 1766 929 1834; x_wconf 76' lang='grc' dir='ltr'>Κακοζηλίαν</span> <span class='ocrx_word' id='word_1_168' title='bbox 958 1712 1134 1818; x_wconf 67' lang='lat' dir='ltr'><strong>ie⁹c³entiorum</strong></span> <span class='ocrx_word' id='word_1_169' title='bbox 1165 1780 1181 1816; x_wconf 89' lang='lat' dir='ltr'><strong>a</strong></span> <span class='ocrx_word' id='word_1_170' title='bbox 1205 1761 1315 1833; x_wconf 75' lang='lat' dir='ltr'><strong>Virgilio</strong></span> 
     </span>
     <span class='ocr_line' id='line_1_22' title="bbox 204 1834 1017 1916; baseline 0.002 -29"><span class='ocrx_word' id='word_1_171' title='bbox 204 1834 251 1896; x_wconf 89' lang='lat' dir='ltr'><strong>tio,</strong></span> <span class='ocrx_word' id='word_1_172' title='bbox 264 1835 335 1888; x_wconf 88' lang='lat' dir='ltr'><strong>xxvi.</strong></span> <span class='ocrx_word' id='word_1_173' title='bbox 345 1848 407 1916; x_wconf 87' lang='lat'><strong>529.</strong></span> <span class='ocrx_word' id='word_1_174' title='bbox 802 1836 897 1899; x_wconf 91' lang='lat' dir='ltr'><strong>minui,</strong></span> <span class='ocrx_word' id='word_1_175' title='bbox 907 1837 943 1889; x_wconf 90' lang='lat' dir='ltr'><strong>xl.</strong></span> <span class='ocrx_word' id='word_1_176' title='bbox 956 1834 1017 1889; x_wconf 84' lang='lat'><strong>806.</strong></span> 
     </span>
    </p>

    <p class='ocr_par' dir='ltr' id='par_1_11' title="bbox 171 1901 1315 2115">
     <span class='ocr_line' id='line_1_23' title="bbox 171 1901 1315 1986; baseline 0 -30"><span class='ocrx_word' id='word_1_177' title='bbox 171 1903 276 1956; x_wconf 80' lang='lat' dir='ltr'><strong>ltaliam</strong></span> <span class='ocrx_word' id='word_1_178' title='bbox 297 1905 409 1974; x_wconf 89' lang='lat' dir='ltr'><strong>Virgiho</strong></span> <span class='ocrx_word' id='word_1_179' title='bbox 430 1904 499 1958; x_wconf 90' lang='lat' dir='ltr'><strong>vires</strong></span> <span class='ocrx_word' id='word_1_180' title='bbox 521 1903 719 1986; x_wconf 85' lang='lat' dir='ltr'><strong>quodammodo</strong></span> <span class='ocrx_word' id='word_1_181' title='bbox 768 1906 894 1969; x_wconf 80' lang='grc' dir='ltr'>Κατέβαν,</span> <span class='ocrx_word' id='word_1_182' title='bbox 911 1906 968 1977; x_wconf 89' lang='lat' dir='ltr'><strong>ejus</strong></span> <span class='ocrx_word' id='word_1_183' title='bbox 986 1904 1060 1958; x_wconf 89' lang='lat' dir='ltr'><strong>verbi</strong></span> <span class='ocrx_word' id='word_1_184' title='bbox 1078 1903 1152 1973; x_wconf 88' lang='lat' dir='ltr'><strong>apud</strong></span> <span class='ocrx_word' id='word_1_185' title='bbox 1170 1901 1315 1956; x_wconf 85' lang='lat' dir='ltr'><strong>Pindarum</strong></span> 
     </span>
     <span class='ocr_line' id='line_1_24' title="bbox 191 1973 1001 2045; baseline 0.001 -18"><span class='ocrx_word' id='word_1_186' title='bbox 191 1973 309 2037; x_wconf 80' lang='lat' dir='ltr'><strong>addere,</strong></span> <span class='ocrx_word' id='word_1_187' title='bbox 320 1975 427 2028; x_wconf 86' lang='lat' dir='ltr'><strong>xxxviii.</strong></span> <span class='ocrx_word' id='word_1_188' title='bbox 439 1987 499 2044; x_wconf 85' lang='lat'><strong>775.</strong></span> <span class='ocrx_word' id='word_1_189' title='bbox 517 1992 574 2044; x_wconf 74' lang='lat' dir='ltr'><strong>ejus</strong></span> <span class='ocrx_word' id='word_1_190' title='bbox 586 1973 620 2028; x_wconf 85' lang='lat' dir='ltr'><strong>ab</strong></span> <span class='ocrx_word' id='word_1_191' title='bbox 633 1975 720 2028; x_wconf 84' lang='lat' dir='ltr'><strong>AEnea</strong></span> <span class='ocrx_word' id='word_1_192' title='bbox 803 1977 853 2040; x_wconf 92' lang='lat' dir='ltr'><strong>vis,</strong></span> <span class='ocrx_word' id='word_1_193' title='bbox 865 1995 927 2029; x_wconf 85' lang='lat' dir='ltr'><strong>xxv.</strong></span> <span class='ocrx_word' id='word_1_194' title='bbox 940 1988 1001 2045; x_wconf 90' lang='lat'><strong>500.</strong></span> 
     </span>
     <span class='ocr_line' id='line_1_25' title="bbox 205 2040 1315 2115; baseline -0.002 -19"><span class='ocrx_word' id='word_1_195' title='bbox 205 2045 291 2112; x_wconf 91' lang='lat' dir='ltr'><strong>primo</strong></span> <span class='ocrx_word' id='word_1_196' title='bbox 303 2045 367 2098; x_wconf 87' lang='lat' dir='ltr'><strong>visae</strong></span> <span class='ocrx_word' id='word_1_197' title='bbox 382 2045 531 2113; x_wconf 85' lang='lat' dir='ltr'><strong>descriptio,</strong></span> <span class='ocrx_word' id='word_1_198' title='bbox 544 2045 634 2097; x_wconf 87' lang='lat' dir='ltr'><strong>xxxix.</strong></span> <span class='ocrx_word' id='word_1_199' title='bbox 648 2057 709 2115; x_wconf 85' lang='lat'><strong>795.</strong></span> <span class='ocrx_word' id='word_1_200' title='bbox 769 2043 894 2109; x_wconf 76' lang='lat' dir='ltr'><strong>Kalama,</strong></span> <span class='ocrx_word' id='word_1_201' title='bbox 918 2045 1047 2099; x_wconf 84' lang='lat' dir='ltr'><strong>ludorum</strong></span> <span class='ocrx_word' id='word_1_202' title='bbox 1067 2044 1221 2114; x_wconf 83' lang='lat' dir='ltr'><strong>Tyrannus,</strong></span> <span class='ocrx_word' id='word_1_203' title='bbox 1246 2040 1315 2095; x_wconf 85' lang='lat' dir='ltr'><strong>xviii.</strong></span> 
     </span>
    </p>

    <p class='ocr_par' dir='ltr' id='par_1_12' title="bbox 168 2111 1314 2250">
     <span class='ocr_line' id='line_1_26' title="bbox 168 2111 1314 2186; baseline -0.002 -20"><span class='ocrx_word' id='word_1_204' title='bbox 168 2113 259 2167; x_wconf 80' lang='lat' dir='ltr'><strong>Italici</strong></span> <span class='ocrx_word' id='word_1_205' title='bbox 278 2115 365 2167; x_wconf 87' lang='lat' dir='ltr'><strong>Poetoe</strong></span> <span class='ocrx_word' id='word_1_206' title='bbox 386 2114 517 2184; x_wconf 89' lang='lat' dir='ltr'><strong>Spensero</strong></span> <span class='ocrx_word' id='word_1_207' title='bbox 536 2115 719 2184; x_wconf 72' lang='lat' dir='ltr'><strong>praecinentes,</strong></span> <span class='ocrx_word' id='word_1_208' title='bbox 804 2133 865 2186; x_wconf 81' lang='lat'><strong>331.</strong></span> <span class='ocrx_word' id='word_1_209' title='bbox 884 2115 994 2185; x_wconf 85' lang='lat' dir='ltr'><strong>picturae</strong></span> <span class='ocrx_word' id='word_1_210' title='bbox 1010 2115 1039 2168; x_wconf 90' lang='lat' dir='ltr'><strong>in</strong></span> <span class='ocrx_word' id='word_1_211' title='bbox 1057 2130 1088 2168; x_wconf 89' lang='grc'><strong>00</strong></span> <span class='ocrx_word' id='word_1_212' title='bbox 1107 2113 1226 2167; x_wconf 80' lang='lat' dir='ltr'><strong>carmine</strong></span> <span class='ocrx_word' id='word_1_213' title='bbox 1242 2111 1314 2173; x_wconf 88' lang='lat' dir='ltr'><strong>ratio,</strong></span> 
     </span>
     <span class='ocr_line' id='line_1_27' title="bbox 205 2184 967 2250; baseline 0.001 -13"><span class='ocrx_word' id='word_1_214' title='bbox 205 2184 276 2238; x_wconf 87' lang='lat' dir='ltr'><strong>xxiv.</strong></span> <span class='ocrx_word' id='word_1_215' title='bbox 290 2186 351 2250; x_wconf 85' lang='lat'><strong>480.</strong></span> <span class='ocrx_word' id='word_1_216' title='bbox 721 2192 726 2197; x_wconf 80' lang='grc'><strong><em>”</em></strong></span> <span class='ocrx_word' id='word_1_217' title='bbox 803 2186 894 2240; x_wconf 86' lang='lat' dir='ltr'><strong>xxxiii.</strong></span> <span class='ocrx_word' id='word_1_218' title='bbox 907 2185 967 2250; x_wconf 87' lang='lat'><strong>664.</strong></span> 
     </span>
    </p>

    <p class='ocr_par' dir='ltr' id='par_1_13' title="bbox 170 2250 1314 2395">
     <span class='ocr_line' id='line_1_28' title="bbox 170 2250 1314 2326; baseline -0.001 -21"><span class='ocrx_word' id='word_1_219' title='bbox 170 2252 264 2309; x_wconf 83' lang='lat' dir='ltr'><strong>Ithaca</strong></span> <span class='ocrx_word' id='word_1_220' title='bbox 287 2255 329 2308; x_wconf 89' lang='lat' dir='ltr'><strong>vel</strong></span> <span class='ocrx_word' id='word_1_221' title='bbox 349 2253 441 2323; x_wconf 87' lang='lat' dir='ltr'><strong>Ulyssi</strong></span> <span class='ocrx_word' id='word_1_222' title='bbox 465 2271 520 2307; x_wconf 89' lang='lat' dir='ltr'><strong>non</strong></span> <span class='ocrx_word' id='word_1_223' title='bbox 548 2255 658 2324; x_wconf 89' lang='lat' dir='ltr'><strong>optima,</strong></span> <span class='ocrx_word' id='word_1_224' title='bbox 682 2254 718 2307; x_wconf 89' lang='lat' dir='ltr'><strong>xi.</strong></span> <span class='ocrx_word' id='word_1_225' title='bbox 770 2258 912 2326; x_wconf 81' lang='grc' dir='ltr'>Κομμάτων</span> <span class='ocrx_word' id='word_1_226' title='bbox 924 2254 996 2324; x_wconf 92' lang='lat' dir='ltr'><strong>apud</strong></span> <span class='ocrx_word' id='word_1_227' title='bbox 1008 2253 1170 2324; x_wconf 87' lang='lat' dir='ltr'><strong>AEschylum</strong></span> <span class='ocrx_word' id='word_1_228' title='bbox 1188 2253 1218 2306; x_wconf 92' lang='lat' dir='ltr'><strong>in</strong></span> <span class='ocrx_word' id='word_1_229' title='bbox 1231 2250 1314 2306; x_wconf 90' lang='lat' dir='ltr'><strong>Persis</strong></span> 
     </span>
     <span class='ocr_line' id='line_1_29' title="bbox 211 2323 1027 2395; baseline -0.001 -17"><span class='ocrx_word' id='word_1_230' title='bbox 211 2343 221 2378; x_wconf 95' lang='lat'>1</span> <span class='ocrx_word' id='word_1_231' title='bbox 245 2338 269 2395; x_wconf 83' lang='lat'><strong>7.</strong></span> <span class='ocrx_word' id='word_1_232' title='bbox 297 2323 489 2393; x_wconf 84' lang='lat' dir='ltr'><strong>rempublicam</strong></span> <span class='ocrx_word' id='word_1_233' title='bbox 513 2324 569 2395; x_wconf 86' lang='lat' dir='ltr'><strong>ejus</strong></span> <span class='ocrx_word' id='word_1_234' title='bbox 593 2342 608 2378; x_wconf 93' lang='lat' dir='ltr'><strong>e</strong></span> <span class='ocrx_word' id='word_1_235' title='bbox 631 2324 719 2378; x_wconf 92' lang='lat' dir='ltr'><strong>reditu</strong></span> <span class='ocrx_word' id='word_1_236' title='bbox 804 2327 880 2390; x_wconf 88' lang='lat' dir='ltr'><strong>ratio,</strong></span> <span class='ocrx_word' id='word_1_237' title='bbox 893 2325 956 2380; x_wconf 86' lang='lat' dir='ltr'><strong>xvii.</strong></span> <span class='ocrx_word' id='word_1_238' title='bbox 966 2338 1027 2395; x_wconf 83' lang='lat'><strong>305.</strong></span> 
     </span>
    </p>

    <p class='ocr_par' dir='ltr' id='par_1_14' title="bbox 207 2339 1314 2676">
     <span class='ocr_line' id='line_1_30' title="bbox 208 2339 1314 2536; baseline -0.001 -18"><span class='ocrx_word' id='word_1_239' title='bbox 208 2339 327 2518; x_wconf 69' lang='grc'><strong>100</strong></span> <span class='ocrx_word' id='word_1_240' title='bbox 338 2393 719 2535; x_wconf 58' lang='grc'><strong>010000000-</strong></span> <span class='ocrx_word' id='word_1_241' title='bbox 770 2398 968 2536; x_wconf 66' lang='lat' dir='ltr'><strong>ntem</strong></span> <span class='ocrx_word' id='word_1_242' title='bbox 988 2395 1132 2535; x_wconf 58' lang='lat' dir='ltr'><strong>{affl</strong></span> <span class='ocrx_word' id='word_1_243' title='bbox 1161 2394 1314 2465; x_wconf 63' lang='lat' dir='ltr'><strong>m...</strong></span> 
     </span>
     <span class='ocr_line' id='line_1_31' title="bbox 207 2531 1313 2606; baseline -0.002 -18"><span class='ocrx_word' id='word_1_244' title='bbox 207 2552 241 2588; x_wconf 89' lang='lat' dir='ltr'><strong>an</strong></span> <span class='ocrx_word' id='word_1_245' title='bbox 254 2552 356 2605; x_wconf 85' lang='lat' dir='ltr'><strong>eaquae</strong></span> <span class='ocrx_word' id='word_1_246' title='bbox 372 2551 444 2586; x_wconf 91' lang='lat' dir='ltr'><strong>nunc</strong></span> <span class='ocrx_word' id='word_1_247' title='bbox 463 2543 503 2587; x_wconf 92' lang='lat' dir='ltr'><strong>est</strong></span> <span class='ocrx_word' id='word_1_248' title='bbox 516 2533 667 2588; x_wconf 77' lang='lat' dir='ltr'><strong>Homericae</strong></span> <span class='ocrx_word' id='word_1_249' title='bbox 678 2552 719 2588; x_wconf 88' lang='lat' dir='ltr'><strong>re-</strong></span> <span class='ocrx_word' id='word_1_250' title='bbox 770 2543 884 2606; x_wconf 66' lang='grc' dir='ltr'><strong>1100μοςο</strong></span> <span class='ocrx_word' id='word_1_251' title='bbox 893 2535 1008 2589; x_wconf 89' lang='lat' dir='ltr'><strong>Pindaro</strong></span> <span class='ocrx_word' id='word_1_252' title='bbox 1018 2534 1174 2596; x_wconf 87' lang='lat' dir='ltr'><strong>celebratur,</strong></span> <span class='ocrx_word' id='word_1_253' title='bbox 1184 2552 1247 2587; x_wconf 87' lang='lat' dir='ltr'><strong>xxv.</strong></span> <span class='ocrx_word' id='word_1_254' title='bbox 1258 2552 1273 2599; x_wconf 86' lang='lat'>4</span> <span class='ocrx_word' id='word_1_255' title='bbox 1290 2531 1313 2595; x_wconf 89' lang='lat'><strong>6,</strong></span> 
     </span>
     <span class='ocr_line' id='line_1_32' title="bbox 208 2551 1312 2676; baseline -0.001 -19"><span class='ocrx_word' id='word_1_256' title='bbox 208 2603 347 2673; x_wconf 85' lang='lat' dir='ltr'><strong>spondeat,</strong></span> <span class='ocrx_word' id='word_1_257' title='bbox 358 2605 411 2656; x_wconf 92' lang='lat' dir='ltr'><strong>xiv.</strong></span> <span class='ocrx_word' id='word_1_258' title='bbox 426 2621 485 2673; x_wconf 83' lang='lat'><strong>243.</strong></span> <span class='ocrx_word' id='word_1_259' title='bbox 805 2608 866 2676; x_wconf 79' lang='lat'><strong>498.</strong></span> <span class='ocrx_word' id='word_1_260' title='bbox 886 2605 958 2658; x_wconf 90' lang='lat' dir='ltr'><strong>domi</strong></span> <span class='ocrx_word' id='word_1_261' title='bbox 969 2606 1126 2675; x_wconf 89' lang='lat' dir='ltr'><strong>plerumque</strong></span> <span class='ocrx_word' id='word_1_262' title='bbox 1135 2621 1151 2656; x_wconf 92' lang='grc'><strong>0</strong></span> <span class='ocrx_word' id='word_1_263' title='bbox 1160 2604 1259 2657; x_wconf 89' lang='lat' dir='ltr'><strong>victore</strong></span> <span class='ocrx_word' id='word_1_264' title='bbox 1270 2551 1312 2656; x_wconf 67' lang='grc'><strong>60·</strong></span> 
     </span>
    </p>

    <p class='ocr_par' dir='ltr' id='par_1_15' title="bbox 172 2675 960 2813">
     <span class='ocr_line' id='line_1_33' title="bbox 172 2675 960 2754; baseline 0 -26"><span class='ocrx_word' id='word_1_265' title='bbox 172 2676 343 2754; x_wconf 73' lang='lat' dir='ltr'><strong>ithacensiam</strong></span> <span class='ocrx_word' id='word_1_266' title='bbox 366 2675 462 2736; x_wconf 89' lang='lat' dir='ltr'><strong>turbae,</strong></span> <span class='ocrx_word' id='word_1_267' title='bbox 487 2682 579 2727; x_wconf 91' lang='lat' dir='ltr'><strong>contra</strong></span> <span class='ocrx_word' id='word_1_268' title='bbox 599 2675 720 2728; x_wconf 89' lang='lat' dir='ltr'><strong>Deorum</strong></span> <span class='ocrx_word' id='word_1_269' title='bbox 805 2677 887 2739; x_wconf 77' lang='lat' dir='ltr'><strong>bitae,</strong></span> <span class='ocrx_word' id='word_1_270' title='bbox 900 2693 960 2745; x_wconf 89' lang='lat'><strong>499.</strong></span> 
     </span>
     <span class='ocr_line' id='line_1_34' title="bbox 209 2754 445 2813; baseline -0.004 -16"><span class='ocrx_word' id='word_1_271' title='bbox 209 2754 317 2806; x_wconf 90' lang='lat' dir='ltr'><strong>mon1ta,</strong></span> <span class='ocrx_word' id='word_1_272' title='bbox 332 2762 376 2796; x_wconf 88' lang='lat' dir='ltr'><strong>xv.</strong></span> <span class='ocrx_word' id='word_1_273' title='bbox 386 2759 445 2813; x_wconf 86' lang='lat'><strong>251.</strong></span> 
     </span>
    </p>

    <p class='ocr_par' dir='ltr' id='par_1_16' title="bbox 171 2813 1060 2884">
     <span class='ocr_line' id='line_1_35' title="bbox 171 2813 1060 2884; baseline -0.002 -16"><span class='ocrx_word' id='word_1_274' title='bbox 171 2816 244 2884; x_wconf 80' lang='lat' dir='ltr'><strong>Ityos</strong></span> <span class='ocrx_word' id='word_1_275' title='bbox 261 2833 360 2867; x_wconf 89' lang='lat' dir='ltr'><strong>nomen</strong></span> <span class='ocrx_word' id='word_1_276' title='bbox 376 2815 403 2867; x_wconf 94' lang='lat' dir='ltr'><strong>in</strong></span> <span class='ocrx_word' id='word_1_277' title='bbox 422 2815 541 2867; x_wconf 77' lang='lat' dir='ltr'><strong>lusciniae</strong></span> <span class='ocrx_word' id='word_1_278' title='bbox 560 2824 648 2877; x_wconf 87' lang='lat' dir='ltr'><strong>cantu,</strong></span> <span class='ocrx_word' id='word_1_279' title='bbox 665 2815 719 2867; x_wconf 89' lang='lat' dir='ltr'><strong>xix.</strong></span> <span class='ocrx_word' id='word_1_280' title='bbox 1029 2813 1060 2867; x_wconf 90' lang='lat' dir='ltr'><strong>L.</strong></span> 
     </span>
    </p>

    <p class='ocr_par' dir='ltr' id='par_1_17' title="bbox 210 2882 1312 2955">
     <span class='ocr_line' id='line_1_36' title="bbox 210 2882 1312 2955; baseline -0.002 -18"><span class='ocrx_word' id='word_1_281' title='bbox 210 2903 270 2954; x_wconf 81' lang='lat'><strong>341.</strong></span> <span class='ocrx_word' id='word_1_282' title='bbox 771 2884 906 2955; x_wconf 78' lang='lat' dir='ltr'><strong>Lacrymoe</strong></span> <span class='ocrx_word' id='word_1_283' title='bbox 929 2884 1123 2939; x_wconf 86' lang='lat' dir='ltr'><strong>insanientibus</strong></span> <span class='ocrx_word' id='word_1_284' title='bbox 1145 2902 1221 2949; x_wconf 87' lang='lat' dir='ltr'><strong>rarae,</strong></span> <span class='ocrx_word' id='word_1_285' title='bbox 1245 2882 1312 2937; x_wconf 87' lang='lat' dir='ltr'><strong>xxiii.</strong></span> 
     </span>
    </p>

    <p class='ocr_par' dir='ltr' id='par_1_18' title="bbox 172 2954 867 3026">
     <span class='ocr_line' id='line_1_37' title="bbox 172 2954 867 3026; baseline 0.004 -19"><span class='ocrx_word' id='word_1_286' title='bbox 172 2956 286 3008; x_wconf 83' lang='lat' dir='ltr'><strong>Judaico</strong></span> <span class='ocrx_word' id='word_1_287' title='bbox 309 2955 366 3007; x_wconf 83' lang='lat' dir='ltr'><strong>Lea</strong></span> <span class='ocrx_word' id='word_1_288' title='bbox 390 2973 406 3006; x_wconf 88' lang='lat' dir='ltr'><strong>a</strong></span> <span class='ocrx_word' id='word_1_289' title='bbox 429 2954 584 3008; x_wconf 87' lang='lat' dir='ltr'><strong>Novatianis</strong></span> <span class='ocrx_word' id='word_1_290' title='bbox 610 2954 720 3017; x_wconf 89' lang='lat' dir='ltr'><strong>detorta,</strong></span> <span class='ocrx_word' id='word_1_291' title='bbox 806 2972 867 3026; x_wconf 88' lang='grc'><strong>450.</strong></span> 
     </span>
    </p>

    <p class='ocr_par' dir='ltr' id='par_1_19' title="bbox 191 3024 1311 3234">
     <span class='ocr_line' id='line_1_38' title="bbox 209 3024 1311 3096; baseline -0.003 -18"><span class='ocrx_word' id='word_1_292' title='bbox 209 3025 272 3078; x_wconf 83' lang='lat' dir='ltr'><strong>xxii.</strong></span> <span class='ocrx_word' id='word_1_293' title='bbox 291 3039 351 3093; x_wconf 86' lang='lat'><strong>425.</strong></span> <span class='ocrx_word' id='word_1_294' title='bbox 374 3024 514 3078; x_wconf 88' lang='lat' dir='ltr'><strong>Judaicam</strong></span> <span class='ocrx_word' id='word_1_295' title='bbox 538 3025 720 3094; x_wconf 84' lang='lat' dir='ltr'><strong>antiquitatem</strong></span> <span class='ocrx_word' id='word_1_296' title='bbox 769 3028 880 3080; x_wconf 79' lang='lat' dir='ltr'><strong>Laertes</strong></span> <span class='ocrx_word' id='word_1_297' title='bbox 891 3026 1024 3096; x_wconf 87' lang='lat' dir='ltr'><strong>pulchrior</strong></span> <span class='ocrx_word' id='word_1_298' title='bbox 1038 3025 1169 3079; x_wconf 76' lang='lat' dir='ltr'><strong>Minervae</strong></span> <span class='ocrx_word' id='word_1_299' title='bbox 1178 3034 1260 3087; x_wconf 90' lang='lat' dir='ltr'><strong>tactu,</strong></span> <span class='ocrx_word' id='word_1_300' title='bbox 1271 3038 1311 3076; x_wconf 83' lang='lat' dir='ltr'><strong>xv.</strong></span> 
     </span>
     <span class='ocr_line' id='line_1_39' title="bbox 209 3094 866 3166; baseline 0.003 -18"><span class='ocrx_word' id='word_1_301' title='bbox 209 3113 272 3148; x_wconf 90' lang='lat' dir='ltr'><strong>cum</strong></span> <span class='ocrx_word' id='word_1_302' title='bbox 300 3094 414 3147; x_wconf 89' lang='lat' dir='ltr'><strong>Heroica</strong></span> <span class='ocrx_word' id='word_1_303' title='bbox 441 3095 590 3157; x_wconf 89' lang='lat' dir='ltr'><strong>convenire,</strong></span> <span class='ocrx_word' id='word_1_304' title='bbox 613 3114 639 3148; x_wconf 89' lang='lat' dir='ltr'><strong>x.</strong></span> <span class='ocrx_word' id='word_1_305' title='bbox 661 3109 719 3165; x_wconf 81' lang='lat'><strong>147.</strong></span> <span class='ocrx_word' id='word_1_306' title='bbox 807 3112 866 3166; x_wconf 87' lang='lat'><strong>254.</strong></span> 
     </span>
     <span class='ocr_line' id='line_1_40' title="bbox 191 3163 1279 3234; baseline -0.001 -17"><span class='ocrx_word' id='word_1_307' title='bbox 191 3202 193 3204; x_wconf 87' lang='lat'><em>-</em></span> <span class='ocrx_word' id='word_1_308' title='bbox 209 3165 308 3234; x_wconf 91' lang='lat' dir='ltr'><strong>duplici</strong></span> <span class='ocrx_word' id='word_1_309' title='bbox 322 3165 426 3217; x_wconf 88' lang='lat' dir='ltr'><strong>Poetica</strong></span> <span class='ocrx_word' id='word_1_310' title='bbox 442 3165 585 3227; x_wconf 88' lang='lat' dir='ltr'><strong>abundare,</strong></span> <span class='ocrx_word' id='word_1_311' title='bbox 598 3167 634 3217; x_wconf 88' lang='lat' dir='ltr'><strong>xl.</strong></span> <span class='ocrx_word' id='word_1_312' title='bbox 648 3166 708 3218; x_wconf 90' lang='lat'><strong>808.</strong></span> <span class='ocrx_word' id='word_1_313' title='bbox 770 3168 894 3220; x_wconf 79' lang='lat' dir='ltr'><strong>Laertius</strong></span> <span class='ocrx_word' id='word_1_314' title='bbox 906 3165 939 3219; x_wconf 89' lang='lat' dir='ltr'><strong>de</strong></span> <span class='ocrx_word' id='word_1_315' title='bbox 952 3164 1121 3234; x_wconf 88' lang='lat' dir='ltr'><strong>Empedocle,</strong></span> <span class='ocrx_word' id='word_1_316' title='bbox 1134 3166 1207 3218; x_wconf 91' lang='lat' dir='ltr'><strong>xxxi.</strong></span> <span class='ocrx_word' id='word_1_317' title='bbox 1220 3163 1279 3234; x_wconf 84' lang='lat'><strong>635.</strong></span> 
     </span>
    </p>

    <p class='ocr_par' dir='ltr' id='par_1_20' title="bbox 172 3235 1211 3306">
     <span class='ocr_line' id='line_1_41' title="bbox 172 3235 1211 3306; baseline 0.001 -18"><span class='ocrx_word' id='word_1_318' title='bbox 172 3236 292 3289; x_wconf 86' lang='lat' dir='ltr'><strong>Jadicam</strong></span> <span class='ocrx_word' id='word_1_319' title='bbox 305 3235 394 3296; x_wconf 68' lang='grc'><strong>10600,</strong></span> <span class='ocrx_word' id='word_1_320' title='bbox 408 3236 464 3305; x_wconf 90' lang='lat' dir='ltr'><strong>ejus</strong></span> <span class='ocrx_word' id='word_1_321' title='bbox 477 3236 558 3289; x_wconf 89' lang='lat' dir='ltr'><strong>verba</strong></span> <span class='ocrx_word' id='word_1_322' title='bbox 575 3244 720 3304; x_wconf 89' lang='lat' dir='ltr'><strong>ponuntur,</strong></span> <span class='ocrx_word' id='word_1_323' title='bbox 771 3238 975 3306; x_wconf 73' lang='lat' dir='ltr'><strong>Laestryqoaam</strong></span> <span class='ocrx_word' id='word_1_324' title='bbox 987 3236 1069 3304; x_wconf 79' lang='lat' dir='ltr'><strong>regio,</strong></span> <span class='ocrx_word' id='word_1_325' title='bbox 1082 3236 1135 3289; x_wconf 89' lang='lat' dir='ltr'><strong>xiv.</strong></span> <span class='ocrx_word' id='word_1_326' title='bbox 1150 3248 1211 3304; x_wconf 83' lang='grc'><strong>007.</strong></span> 
     </span>
    </p>

    <p class='ocr_par' dir='ltr' id='par_1_21' title="bbox 208 3305 1313 3375">
     <span class='ocr_line' id='line_1_42' title="bbox 208 3305 1313 3375; baseline -0.003 -17"><span class='ocrx_word' id='word_1_327' title='bbox 208 3306 271 3358; x_wconf 90' lang='lat' dir='ltr'><strong>xxii.</strong></span> <span class='ocrx_word' id='word_1_328' title='bbox 280 3318 340 3375; x_wconf 89' lang='lat'><strong>427.</strong></span> <span class='ocrx_word' id='word_1_329' title='bbox 771 3309 914 3360; x_wconf 77' lang='lat' dir='ltr'><strong>Lamachus</strong></span> <span class='ocrx_word' id='word_1_330' title='bbox 926 3306 1038 3358; x_wconf 90' lang='lat' dir='ltr'><strong>Poeseos</strong></span> <span class='ocrx_word' id='word_1_331' title='bbox 1051 3305 1118 3358; x_wconf 85' lang='lat' dir='ltr'><strong>forte</strong></span> <span class='ocrx_word' id='word_1_332' title='bbox 1131 3314 1213 3374; x_wconf 89' lang='lat' dir='ltr'><strong>pater,</strong></span> <span class='ocrx_word' id='word_1_333' title='bbox 1226 3305 1260 3358; x_wconf 92' lang='lat' dir='ltr'><strong>iv.</strong></span> <span class='ocrx_word' id='word_1_334' title='bbox 1273 3316 1313 3372; x_wconf 91' lang='grc'><strong>47.</strong></span> 
     </span>
    </p>

    <p class='ocr_par' dir='ltr' id='par_1_22' title="bbox 172 3375 1313 3517">
     <span class='ocr_line' id='line_1_43' title="bbox 172 3375 1313 3445; baseline -0.002 -17"><span class='ocrx_word' id='word_1_335' title='bbox 172 3375 250 3428; x_wconf 83' lang='lat' dir='ltr'><strong>Jalioe</strong></span> <span class='ocrx_word' id='word_1_336' title='bbox 274 3376 359 3444; x_wconf 86' lang='lat' dir='ltr'><strong>gentis</strong></span> <span class='ocrx_word' id='word_1_337' title='bbox 388 3393 451 3444; x_wconf 83' lang='lat' dir='ltr'><strong>ergo</strong></span> <span class='ocrx_word' id='word_1_338' title='bbox 476 3375 541 3445; x_wconf 84' lang='lat' dir='ltr'><strong>fingi</strong></span> <span class='ocrx_word' id='word_1_339' title='bbox 568 3393 584 3428; x_wconf 90' lang='lat' dir='ltr'><strong>a</strong></span> <span class='ocrx_word' id='word_1_340' title='bbox 607 3375 720 3444; x_wconf 84' lang='lat' dir='ltr'><strong>Virgilio</strong></span> <span class='ocrx_word' id='word_1_341' title='bbox 771 3377 928 3430; x_wconf 77' lang='lat' dir='ltr'><strong>Laocoontis</strong></span> <span class='ocrx_word' id='word_1_342' title='bbox 966 3375 1037 3445; x_wconf 92' lang='lat' dir='ltr'><strong>apud</strong></span> <span class='ocrx_word' id='word_1_343' title='bbox 1061 3375 1205 3445; x_wconf 86' lang='lat' dir='ltr'><strong>Virgilium</strong></span> <span class='ocrx_word' id='word_1_344' title='bbox 1243 3375 1313 3435; x_wconf 86' lang='lat' dir='ltr'><strong>ratio,</strong></span> 
     </span>
     <span class='ocr_line' id='line_1_44' title="bbox 208 3446 964 3517; baseline -0.003 -18"><span class='ocrx_word' id='word_1_345' title='bbox 208 3446 332 3507; x_wconf 88' lang='lat' dir='ltr'><strong>AEneam,</strong></span> <span class='ocrx_word' id='word_1_346' title='bbox 345 3447 434 3498; x_wconf 90' lang='lat' dir='ltr'><strong>xxxvi.</strong></span> <span class='ocrx_word' id='word_1_347' title='bbox 446 3461 505 3516; x_wconf 84' lang='grc'><strong>704.</strong></span> <span class='ocrx_word' id='word_1_348' title='bbox 804 3448 894 3500; x_wconf 86' lang='lat' dir='ltr'><strong>xxxix.</strong></span> <span class='ocrx_word' id='word_1_349' title='bbox 905 3461 964 3517; x_wconf 84' lang='lat'><strong>793.</strong></span> 
     </span>
    </p>

    <p class='ocr_par' dir='ltr' id='par_1_23' title="bbox 172 3515 1315 4497">
     <span class='ocr_line' id='line_1_45' title="bbox 172 3515 1175 3586; baseline 0 -18"><span class='ocrx_word' id='word_1_350' title='bbox 172 3516 276 3585; x_wconf 82' lang='lat' dir='ltr'><strong>Jupiter</strong></span> <span class='ocrx_word' id='word_1_351' title='bbox 304 3515 463 3568; x_wconf 87' lang='lat' dir='ltr'><strong>Homericus</strong></span> <span class='ocrx_word' id='word_1_352' title='bbox 494 3515 585 3569; x_wconf 88' lang='lat' dir='ltr'><strong>bestiis</strong></span> <span class='ocrx_word' id='word_1_353' title='bbox 615 3533 667 3586; x_wconf 90' lang='lat' dir='ltr'><strong>quo</strong></span> <span class='ocrx_word' id='word_1_354' title='bbox 686 3533 720 3568; x_wconf 91' lang='lat' dir='ltr'><strong>ue</strong></span> <span class='ocrx_word' id='word_1_355' title='bbox 769 3517 921 3586; x_wconf 78' lang='lat' dir='ltr'><strong>Lappoaica</strong></span> <span class='ocrx_word' id='word_1_356' title='bbox 934 3516 1071 3578; x_wconf 84' lang='lat' dir='ltr'><strong>cantilena,</strong></span> <span class='ocrx_word' id='word_1_357' title='bbox 1082 3516 1118 3568; x_wconf 87' lang='lat' dir='ltr'><strong>iv.</strong></span> <span class='ocrx_word' id='word_1_358' title='bbox 1132 3528 1175 3583; x_wconf 90' lang='lat'><strong>52.</strong></span> 
     </span>
     <span class='ocr_line' id='line_1_46' title="bbox 207 3534 1312 3656; baseline 0.001 -19"><span class='ocrx_word' id='word_1_359' title='bbox 207 3585 336 3656; x_wconf 89' lang='lat' dir='ltr'><strong>providet,</strong></span> <span class='ocrx_word' id='word_1_360' title='bbox 347 3586 382 3637; x_wconf 91' lang='lat' dir='ltr'><strong>ix.</strong></span> <span class='ocrx_word' id='word_1_361' title='bbox 397 3599 455 3655; x_wconf 83' lang='lat'><strong>145.</strong></span> <span class='ocrx_word' id='word_1_362' title='bbox 468 3585 597 3648; x_wconf 88' lang='lat' dir='ltr'><strong>homines,</strong></span> <span class='ocrx_word' id='word_1_363' title='bbox 606 3604 660 3638; x_wconf 90' lang='lat' dir='ltr'><strong>non</strong></span> <span class='ocrx_word' id='word_1_364' title='bbox 669 3534 719 3637; x_wconf 64' lang='lat' dir='ltr'><strong>Va·</strong></span> <span class='ocrx_word' id='word_1_365' title='bbox 769 3588 896 3656; x_wconf 70' lang='lat' dir='ltr'><strong>Largitur</strong></span> <span class='ocrx_word' id='word_1_366' title='bbox 912 3586 1080 3639; x_wconf 89' lang='lat' dir='ltr'><strong>Athletarum</strong></span> <span class='ocrx_word' id='word_1_367' title='bbox 1096 3603 1112 3638; x_wconf 86' lang='lat' dir='ltr'><strong>a</strong></span> <span class='ocrx_word' id='word_1_368' title='bbox 1125 3585 1243 3639; x_wconf 89' lang='lat' dir='ltr'><strong>Pindaro</strong></span> <span class='ocrx_word' id='word_1_369' title='bbox 1258 3586 1312 3638; x_wconf 86' lang='lat' dir='ltr'><strong>lau·</strong></span> 
     </span>
     <span class='ocr_line' id='line_1_47' title="bbox 208 3655 1017 3725; baseline -0.001 -16"><span class='ocrx_word' id='word_1_370' title='bbox 208 3666 275 3720; x_wconf 92' lang='lat' dir='ltr'><strong>tum,</strong></span> <span class='ocrx_word' id='word_1_371' title='bbox 292 3657 417 3725; x_wconf 87' lang='lat' dir='ltr'><strong>inculpat,</strong></span> <span class='ocrx_word' id='word_1_372' title='bbox 431 3675 474 3708; x_wconf 88' lang='lat' dir='ltr'><strong>xv.</strong></span> <span class='ocrx_word' id='word_1_373' title='bbox 489 3655 548 3709; x_wconf 85' lang='lat'><strong>260.</strong></span> <span class='ocrx_word' id='word_1_374' title='bbox 570 3657 598 3708; x_wconf 92' lang='lat' dir='ltr'><strong>in</strong></span> <span class='ocrx_word' id='word_1_375' title='bbox 611 3656 719 3708; x_wconf 90' lang='lat' dir='ltr'><strong>Prome·</strong></span> <span class='ocrx_word' id='word_1_376' title='bbox 805 3657 874 3718; x_wconf 88' lang='lat' dir='ltr'><strong>data,</strong></span> <span class='ocrx_word' id='word_1_377' title='bbox 887 3675 947 3709; x_wconf 89' lang='lat' dir='ltr'><strong>xxv.</strong></span> <span class='ocrx_word' id='word_1_378' title='bbox 956 3671 1017 3725; x_wconf 86' lang='lat'><strong>511.</strong></span> 
     </span>
     <span class='ocr_line' id='line_1_48' title="bbox 208 3725 1314 3794; baseline -0.001 -15"><span class='ocrx_word' id='word_1_379' title='bbox 208 3727 269 3779; x_wconf 92' lang='lat' dir='ltr'><strong>theo</strong></span> <span class='ocrx_word' id='word_1_380' title='bbox 280 3728 433 3789; x_wconf 86' lang='lat' dir='ltr'><strong>malevolus,</strong></span> <span class='ocrx_word' id='word_1_381' title='bbox 443 3727 514 3778; x_wconf 91' lang='lat' dir='ltr'><strong>xviii.</strong></span> <span class='ocrx_word' id='word_1_382' title='bbox 523 3743 584 3794; x_wconf 82' lang='lat'><strong>310.</strong></span> <span class='ocrx_word' id='word_1_383' title='bbox 603 3726 720 3794; x_wconf 87' lang='lat' dir='ltr'><strong>potentia</strong></span> <span class='ocrx_word' id='word_1_384' title='bbox 768 3728 811 3780; x_wconf 85' lang='lat' dir='ltr'><strong>La</strong></span> <span class='ocrx_word' id='word_1_385' title='bbox 825 3728 911 3780; x_wconf 84' lang='lat' dir='ltr'><strong>Rache</strong></span> <span class='ocrx_word' id='word_1_386' title='bbox 922 3726 1094 3794; x_wconf 83' lang='lat' dir='ltr'><strong>Jocqaeleiae,</strong></span> <span class='ocrx_word' id='word_1_387' title='bbox 1105 3725 1214 3779; x_wconf 89' lang='lat' dir='ltr'><strong>heroica</strong></span> <span class='ocrx_word' id='word_1_388' title='bbox 1229 3725 1314 3780; x_wconf 89' lang='lat' dir='ltr'><strong>indole</strong></span> 
     </span>
     <span class='ocr_line' id='line_1_49' title="bbox 208 3797 1023 3865; baseline -0.002 -15"><span class='ocrx_word' id='word_1_389' title='bbox 208 3798 264 3850; x_wconf 91' lang='lat' dir='ltr'><strong>sola</strong></span> <span class='ocrx_word' id='word_1_390' title='bbox 271 3797 426 3858; x_wconf 67' lang='lat' dir='ltr'><strong>immensus</strong></span> <span class='ocrx_word' id='word_1_391' title='bbox 437 3813 497 3865; x_wconf 83' lang='lat'><strong>324.</strong></span> <span class='ocrx_word' id='word_1_392' title='bbox 513 3797 648 3849; x_wconf 89' lang='lat' dir='ltr'><strong>Maximus</strong></span> <span class='ocrx_word' id='word_1_393' title='bbox 657 3813 718 3848; x_wconf 90' lang='lat' dir='ltr'><strong>cum</strong></span> <span class='ocrx_word' id='word_1_394' title='bbox 804 3798 907 3859; x_wconf 90' lang='lat' dir='ltr'><strong>mulier,</strong></span> <span class='ocrx_word' id='word_1_395' title='bbox 917 3798 952 3850; x_wconf 92' lang='lat' dir='ltr'><strong>ix.</strong></span> <span class='ocrx_word' id='word_1_396' title='bbox 966 3810 1023 3864; x_wconf 83' lang='lat'><strong>137.</strong></span> 
     </span>
     <span class='ocr_line' id='line_1_50' title="bbox 208 3866 1314 3934; baseline -0.001 -15"><span class='ocrx_word' id='word_1_397' title='bbox 208 3868 250 3929; x_wconf 90' lang='lat' dir='ltr'><strong>sit,</strong></span> <span class='ocrx_word' id='word_1_398' title='bbox 269 3867 370 3920; x_wconf 87' lang='lat' dir='ltr'><strong>eveniet</strong></span> <span class='ocrx_word' id='word_1_399' title='bbox 385 3867 493 3920; x_wconf 90' lang='lat' dir='ltr'><strong>tandem</strong></span> <span class='ocrx_word' id='word_1_400' title='bbox 513 3866 647 3934; x_wconf 88' lang='lat' dir='ltr'><strong>Optimus,</strong></span> <span class='ocrx_word' id='word_1_401' title='bbox 664 3866 717 3919; x_wconf 81' lang='lat' dir='ltr'><strong>xix.</strong></span> <span class='ocrx_word' id='word_1_402' title='bbox 768 3869 865 3922; x_wconf 81' lang='lat' dir='ltr'><strong>Latine</strong></span> <span class='ocrx_word' id='word_1_403' title='bbox 874 3867 967 3920; x_wconf 90' lang='lat' dir='ltr'><strong>melius</strong></span> <span class='ocrx_word' id='word_1_404' title='bbox 976 3866 1118 3919; x_wconf 87' lang='lat' dir='ltr'><strong>dePoetica</strong></span> <span class='ocrx_word' id='word_1_405' title='bbox 1125 3866 1229 3928; x_wconf 80' lang='lat' dir='ltr'><strong>disseri,</strong></span> <span class='ocrx_word' id='word_1_406' title='bbox 1237 3866 1254 3918; x_wconf 93' lang='lat' dir='ltr'><strong>i.</strong></span> <span class='ocrx_word' id='word_1_407' title='bbox 1264 3884 1314 3932; x_wconf 87' lang='grc'><strong>4-</strong></span> 
     </span>
     <span class='ocr_line' id='line_1_51' title="bbox 208 3935 1314 4076; baseline 0 -18"><span class='ocrx_word' id='word_1_408' title='bbox 208 3936 719 4076; x_wconf 52' lang='lat' dir='ltr'><strong>itt...iss¹b{‘5¹¹t⁰fn¹’titillata</strong></span> <span class='ocrx_word' id='word_1_409' title='bbox 805 3937 1012 4073; x_wconf 56' lang='grc' dir='ltr'><strong>111Ξὲ810ῗὲ1</strong></span> <span class='ocrx_word' id='word_1_410' title='bbox 1015 3935 1066 4059; x_wconf 69' lang='lat' dir='ltr'><strong>i?</strong></span> <span class='ocrx_word' id='word_1_411' title='bbox 1062 3936 1314 4059; x_wconf 57' lang='lat' dir='ltr'><strong>attentata</strong></span> 
     </span>
     <span class='ocr_line' id='line_1_52' title="bbox 208 4025 1315 4146; baseline 0 -18"><span class='ocrx_word' id='word_1_412' title='bbox 208 4047 409 4145; x_wconf 65' lang='grc' dir='ltr'><strong>0101010οΞ353.</strong></span> <span class='ocrx_word' id='word_1_413' title='bbox 431 4076 515 4138; x_wconf 86' lang='lat' dir='ltr'><strong>Soter,</strong></span> <span class='ocrx_word' id='word_1_414' title='bbox 529 4077 675 4145; x_wconf 88' lang='lat' dir='ltr'><strong>appellatur</strong></span> <span class='ocrx_word' id='word_1_415' title='bbox 691 4077 719 4128; x_wconf 92' lang='lat' dir='ltr'><strong>in</strong></span> <span class='ocrx_word' id='word_1_416' title='bbox 789 4048 962 4146; x_wconf 70' lang='lat' dir='ltr'><strong>,sigirificent</strong></span> <span class='ocrx_word' id='word_1_417' title='bbox 978 4076 1058 4128; x_wconf 89' lang='lat' dir='ltr'><strong>xxvii.</strong></span> <span class='ocrx_word' id='word_1_418' title='bbox 1090 4090 1133 4144; x_wconf 89' lang='lat'><strong>51.</strong></span> <span class='ocrx_word' id='word_1_419' title='bbox 1153 4077 1182 4128; x_wconf 93' lang='lat' dir='ltr'><strong>in</strong></span> <span class='ocrx_word' id='word_1_420' title='bbox 1200 4025 1315 4146; x_wconf 72' lang='lat' dir='ltr'><strong>philhso·</strong></span> 
     </span>
     <span class='ocr_line' id='line_1_53' title="bbox 209 4089 1313 4217; baseline 0 -19"><span class='ocrx_word' id='word_1_421' title='bbox 209 4146 412 4209; x_wconf 89' lang='lat' dir='ltr'><strong>Eumenidihus,</strong></span> <span class='ocrx_word' id='word_1_422' title='bbox 425 4147 487 4199; x_wconf 88' lang='lat' dir='ltr'><strong>xxii.</strong></span> <span class='ocrx_word' id='word_1_423' title='bbox 504 4163 563 4215; x_wconf 83' lang='lat'><strong>430,</strong></span> <span class='ocrx_word' id='word_1_424' title='bbox 579 4163 640 4215; x_wconf 83' lang='lat'><strong>432,</strong></span> <span class='ocrx_word' id='word_1_425' title='bbox 657 4147 717 4214; x_wconf 87' lang='lat'><strong>438.</strong></span> <span class='ocrx_word' id='word_1_426' title='bbox 804 4147 889 4217; x_wconf 91' lang='lat' dir='ltr'><strong>phicis</strong></span> <span class='ocrx_word' id='word_1_427' title='bbox 905 4147 1021 4216; x_wconf 88' lang='lat' dir='ltr'><strong>jejunior</strong></span> <span class='ocrx_word' id='word_1_428' title='bbox 1041 4164 1056 4198; x_wconf 91' lang='lat' dir='ltr'><strong>a</strong></span> <span class='ocrx_word' id='word_1_429' title='bbox 1072 4089 1197 4199; x_wconf 63' lang='lat' dir='ltr'><strong>haeretic</strong></span> <span class='ocrx_word' id='word_1_430' title='bbox 1218 4146 1313 4206; x_wconf 87' lang='lat' dir='ltr'><strong>habita,</strong></span> 
     </span>
     <span class='ocr_line' id='line_1_54' title="bbox 208 4216 1313 4286; baseline 0.001 -19"><span class='ocrx_word' id='word_1_431' title='bbox 208 4216 241 4269; x_wconf 89' lang='lat' dir='ltr'><strong>ab</strong></span> <span class='ocrx_word' id='word_1_432' title='bbox 255 4216 351 4269; x_wconf 89' lang='lat' dir='ltr'><strong>Oresta</strong></span> <span class='ocrx_word' id='word_1_433' title='bbox 363 4225 412 4269; x_wconf 89' lang='lat' dir='ltr'><strong>eta</strong></span> <span class='ocrx_word' id='word_1_434' title='bbox 422 4217 545 4269; x_wconf 90' lang='lat' dir='ltr'><strong>Minerva</strong></span> <span class='ocrx_word' id='word_1_435' title='bbox 556 4217 717 4285; x_wconf 84' lang='lat' dir='ltr'><strong>agnoscitur,</strong></span> <span class='ocrx_word' id='word_1_436' title='bbox 803 4236 882 4270; x_wconf 90' lang='lat' dir='ltr'><strong>xxxv.</strong></span> <span class='ocrx_word' id='word_1_437' title='bbox 893 4231 952 4286; x_wconf 89' lang='lat'><strong>709.</strong></span> <span class='ocrx_word' id='word_1_438' title='bbox 973 4216 1060 4269; x_wconf 88' lang='lat' dir='ltr'><strong>Latini</strong></span> <span class='ocrx_word' id='word_1_439' title='bbox 1066 4217 1225 4270; x_wconf 86' lang='lat' dir='ltr'><strong>recentiores</strong></span> <span class='ocrx_word' id='word_1_440' title='bbox 1234 4233 1313 4286; x_wconf 87' lang='lat' dir='ltr'><strong>quan·</strong></span> 
     </span>
     <span class='ocr_line' id='line_1_55' title="bbox 208 4285 1304 4421; baseline 0 -13"><span class='ocrx_word' id='word_1_441' title='bbox 208 4303 268 4409; x_wconf 68' lang='grc'><strong>133·</strong></span> <span class='ocrx_word' id='word_1_442' title='bbox 278 4286 498 4409; x_wconf 51' lang='lat' dir='ltr'><strong>titillata</strong></span> <span class='ocrx_word' id='word_1_443' title='bbox 507 4285 717 4421; x_wconf 52' lang='lat' dir='ltr'><strong>‘diditi&#39;</strong></span> <span class='ocrx_word' id='word_1_444' title='bbox 767 4287 1304 4410; x_wconf 50' lang='grc' dir='ltr'><strong>0110811111ῧὲῗὲἓὲἓῖἰᾷέὸἰίὶο</strong></span> 
     </span>
     <span class='ocr_line' id='line_1_56' title="bbox 207 4374 1209 4497; baseline 0.001 -18"><span class='ocrx_word' id='word_1_445' title='bbox 207 4375 385 4496; x_wconf 78' lang='lat' dir='ltr'><strong>ejusqconsilia</strong></span> <span class='ocrx_word' id='word_1_446' title='bbox 398 4428 478 4496; x_wconf 84' lang='lat' dir='ltr'><strong>sylvae</strong></span> <span class='ocrx_word' id='word_1_447' title='bbox 492 4396 666 4492; x_wconf 75' lang='grc'><strong>0001110461.</strong></span> <span class='ocrx_word' id='word_1_448' title='bbox 691 4374 707 4426; x_wconf 75' lang='lat'>9</span> <span class='ocrx_word' id='word_1_449' title='bbox 804 4441 863 4497; x_wconf 86' lang='lat'><strong>725.</strong></span> <span class='ocrx_word' id='word_1_450' title='bbox 1200 4397 1209 4419; x_wconf 60' lang='lat'><em>⁹</em></span> 
     </span>
    </p>
   </div>
   <div class='ocr_carea' id='block_1_3' title="bbox 0 0 1394 4876">
    <p class='ocr_par' dir='ltr' id='par_1_24' title="bbox 0 0 1394 4876">
     <span class='ocr_line' id='line_1_57' title="bbox 0 0 1394 4876; baseline 0 0"><span class='ocrx_word' id='word_1_451' title='bbox 0 0 1394 4876; x_wconf 95' lang='lat' dir='ltr'><strong> </strong></span> 
     </span>
    </p>
   </div>
  </div>
 </body>
</html>
