2768 4876
173 287 237 353 462
280 291 452 375 Magnifica
466 292 553 376 apud
566 293 722 378 Supplices
736 295 772 358 de
782 297 846 358 Deo
857 297 979 361 Hectore
988 321 998 361 :
1020 319 1114 362 rann.
1127 322 1216 364 xxm.

172 485 326 551 unquam
353 463 426 532 fere
452 465 601 533 tendant
626 467 670 534 ad
695 489 771 535 eam
800 467 875 537 eseli
901 472 1093 562 regionem,
1111 495 1217 564 quam

171 585 293 668 petere
311 579 497 648 videantur
512 580 625 670 primo
643 580 892 671 aspicientibus
903 578 922 653 f.

381 717 442 771 Διὸς
452 713 540 785 ἵμερος
551 716 596 769 οὐκ
608 713 747 787 εὐθήρατος
759 715 863 788 ἐτάχθη·

379 802 462 855 πάντα
474 823 514 857 τοι
525 800 650 872 φλεγέθει
899 804 902 813 “

380 884 427 941 κάν
438 889 533 961 σκότῳ,
545 910 590 957 με·

380 973 456 1042 λαίνᾳ
467 974 514 1041 ξὺν
525 972 568 1027 τά·

379 1082 415 1129 χᾳ
426 1062 573 1130 μερόπεσσι
584 1062 665 1116 λαοῖς·

379 1146 466 1201 πίπτει
478 1145 500 1200 δ’
513 1146 650 1216 ἀσφαλῶς,
664 1146 717 1200 οὐδ
730 1147 773 1202 ἐπὶ
786 1152 832 1202 νώ-

378 1253 426 1302 τῳ,
436 1233 538 1303 κορυφᾷ
551 1232 612 1287 Διὸς
624 1231 646 1284 εί

378 1318 474 1388 κρανθῇ
487 1321 593 1389 πρᾶγμα
605 1317 717 1372 τέλειον.

378 1404 469 1458 δαυλοὶ
480 1406 530 1475 γὰρ
542 1405 675 1476 πραπίδων

379 1491 482 1545 δάσκιοί
493 1513 521 1544 τε

378 1577 506 1632 τείνουσιν
517 1579 565 1631 πό·

378 1686 428 1734 ροι,
441 1663 551 1718 κατιδεῖν
562 1663 704 1734 ἄφραστοι.

168 1777 329 1861 Addunt,
348 1777 578 1847 libentissime
595 1780 631 1848 in
649 1780 816 1869 superbos
834 1781 924 1849 etin
942 1789 1098 1872 raptores
1113 1785 1209 1853 exire

166 1896 306 1966 Summi
323 1894 485 1965 Rectoris
503 1893 662 1975 fulmina,
680 1903 721 1963 ut
738 1895 871 1964 nemini
888 1897 1032 1988 impune
1057 1898 1104 1967 sit
1129 1922 1210 1990 peo-

166 2013 272 2091 cauti,
303 2032 349 2079 ne
382 2010 425 2079 iis
459 2010 611 2101 quidem,
645 2012 706 2101 qui
740 2019 820 2102 post
853 2011 972 2103 paullo
1005 1996 1209 2105 resipiscere

166 2126 300 2208 volunt,
319 2135 355 2196 et
373 2149 411 2196 se
427 2126 590 2196 violentis
607 2125 712 2196 armis
729 2149 859 2196 exuere
869 2138 904 2196 ⁸:

377 2261 460 2314 ἰάπτει
471 2259 495 2313 δ’
506 2259 604 2314 άπίδων
615 2260 661 2331 ἀφ’
673 2259 829 2332 ὑψιπύργων

374 2348 501 2402 πανώλεις
510 2345 630 2416 βροτοὺς,
642 2346 703 2409 βιδν
715 2345 737 2399 δ’
749 2345 825 2400 οὔτιν’

376 2433 514 2501 ἐξοπλίζει,
527 2433 573 2486 τάν
585 2431 691 2487 άποινον
703 2433 846 2503 δαιμονίων.

166 2549 363 2630 Postrema,
380 2546 526 2641 praemia
543 2554 580 2615 et
600 2569 720 2638 poenas
745 2571 817 2616 nun
837 2557 934 2617 rente
954 2549 1062 2619 tribui
1083 2551 1206 2628 tausis,

164 2687 250 2756 quas
268 2671 406 2748 vocant,
425 2660 606 2731 secundis:
632 2662 717 2752 quin
733 2662 757 2732 J
759 2685 862 2732 ovem
885 2663 1000 2755 ipsum
1018 2664 1206 2732 immotum

165 2782 209 2851 de
235 2781 317 2850 sede
343 2775 562 2848 sanctissima
587 2799 662 2845 rem
692 2777 871 2870 perficere,
895 2779 969 2848 solo
995 2780 1205 2849 nundinam

165 2896 346 2966 oculorum
363 2900 463 2973 nutu,
481 2912 603 2960 verum
620 2891 730 2960 tacita
746 2890 929 2961 voluntate
948 2887 1102 2961 animih:

374 3029 466 3099 ἥμενον
477 3026 528 3080 ἅνω
540 3026 661 3097 φρόνημά
671 3048 726 3082 πως

374 3112 480 3167 αὔτοθεν
492 3111 632 3183 ἐξέπραξεν
643 3112 687 3182 ἔμ-

373 3221 431 3261 πας,
444 3198 555 3268 ἑδράνων
567 3197 609 3269 ἐφ’
621 3199 713 3269 άγνῶν.

213 3318 267 3388 At
284 3316 378 3385 enim
397 3314 538 3403 objiciat
558 3314 693 3405 aliquis,
711 3316 857 3384 minime
874 3338 934 3386 eas
950 3317 995 3385 ad
1011 3316 1035 3386 J
1038 3317 1111 3386 ovis
1129 3338 1207 3386 sen-

164 3434 323 3514 tentiam,
341 3429 440 3499 velut
457 3430 502 3499 ad
519 3429 628 3497 finem
649 3430 730 3513 litis,
748 3452 956 3522 provocare:
986 3432 1115 3524 quippe
1133 3456 1208 3502 aar·

163 3549 259 3617 mine
288 3545 441 3637 quodam
471 3545 607 3627 minari,
635 3546 840 3637 quaesituras
869 3569 906 3616 se
936 3548 1082 3617 fortasse
1111 3549 1206 3640 apud

164 3663 300 3733 Inferos
317 3654 445 3755 negata
462 3683 525 3753 per
541 3660 794 3754 negligentiam
809 3661 1024 3754 Superorum
1035 3659 1157 3755 jura¹:

374 3795 397 3850 εἷ
408 3795 437 3849 δὲ
448 3795 493 3865 μὴ,
504 3794 630 3864 μελανθὲς

372 3879 390 3951 ᾖ
402 3881 538 3936 διάκτυπον
548 3880 631 3952 γένος,

372 3971 518 4040 τοίίγγαιον,

373 4057 418 4108 τὸν
429 4055 640 4121 πολυξενώτατον

374 4143 440 4209 Ζῆνα
451 4146 501 4193 τῶν
513 4141 671 4209 κεκμηκότων

180 4302 328 4372 τεαΜο,
436 4299 535 4351 ninid
552 4316 610 4353 101.
730 4298 829 4352 hlln‘d.
846 4301 904 4354 106.
1020 4302 1113 4357 ¹Ibid.
1131 4305 1189 4359 160.
