2768 4876
178 328 259 371 rann.
273 331 395 372 xxxvn.
441 297 797 396 augellipeneperditi
812 313 963 376 mensorio.
1153 313 1217 378 757

308 477 343 530 Et
355 479 461 548 qualem
473 478 563 532 infelix
576 478 664 532 amisit
677 479 791 532 Mantua
803 495 937 548 campum,

218 633 229 645 Ι
307 562 463 618 Pascentem
475 564 567 618 niveos
579 564 694 618 herboso
706 565 816 620 flumine
828 582 934 636 cycnos.

220 706 423 789 Quamnam
453 729 556 798 porro
587 709 659 776 vim
689 707 797 778 habet
824 707 967 778 Aristaei
999 708 1125 779 flebilis
1154 709 1216 779 illa

171 843 243 902 vox,
263 823 407 891 amissas
424 824 518 913 apud
536 832 687 893 matrem
706 827 886 914 querentis
904 848 988 916 apes
999 826 1048 894 ¹¹¹?

413 966 488 1026 Quid
500 986 543 1022 me
556 970 651 1022 caelum
663 985 767 1037 sperare
776 967 908 1038 jubebas?

306 1053 350 1106 En
362 1053 441 1106 etiarn
452 1053 525 1108 hunc
537 1055 626 1124 ipsum
639 1055 699 1108 vita
711 1055 830 1108 mortalis
843 1055 972 1109 honorem

308 1137 395 1196 Quem
409 1139 474 1192 mihi
485 1139 530 1193 vix
542 1139 652 1209 frugum
663 1147 689 1193 et
701 1139 836 1209 pecudum
848 1140 969 1195 custodia
981 1142 1063 1195 solers

308 1223 407 1278 Omnia
419 1224 531 1279 tentanti
544 1224 690 1288 extuderat,
702 1233 728 1278 te
739 1233 832 1288 matre,
845 1225 975 1297 relinquo.

166 1364 277 1434 Satin'
290 1364 480 1434 manifesto
494 1363 667 1456 significat
679 1361 801 1444 Poeta,
813 1385 912 1432 suam
926 1384 1123 1454 properem
1137 1361 1214 1454 agii

165 1481 408 1550 cohorrescere
434 1503 472 1549 se
495 1487 572 1548 tota
596 1486 719 1548 mente
740 1487 777 1547 et
799 1478 926 1560 animo,
945 1479 1084 1568 quoties
1109 1477 1213 1570 agelli

165 1595 395 1688 periclitantis
412 1593 640 1664 meminerit?

213 1709 332 1779 Simili
356 1710 466 1780 ferme
493 1709 621 1779 affectu
640 1718 732 1788 sunt,
751 1709 878 1799 quibus
903 1709 1021 1799 posuit
1039 1707 1214 1799 quendam

164 1826 236 1894 stris
261 1827 299 1894 in
326 1825 445 1907 hortis,
464 1846 527 1894 suu
550 1848 668 1906 manu,
686 1825 779 1894 circa
795 1823 946 1893 alvearia
971 1845 1034 1892 suo
1058 1822 1216 1893 laboran-

166 1951 239 2010 tem
251 1950 280 2008 ¹¹.

307 2059 369 2129 lpse
380 2060 505 2130 thymum
516 2060 647 2129 pinosque
658 2058 746 2112 serena
758 2058 791 2112 de
803 2058 940 2112 montibus
953 2057 1012 2111 altis

304 2145 385 2199 Tecta
398 2154 467 2199 serat
478 2147 530 2198 late
541 2146 650 2208 circum,
664 2144 706 2199 cui
719 2145 781 2198 talia
793 2161 879 2198 curae:

307 2231 368 2300 Ipse
380 2232 470 2285 labore
481 2249 592 2286 manum
605 2230 673 2284 duro
686 2239 769 2284 terat:
788 2231 844 2300 ipse
856 2231 955 2284 feraces

308 2317 383 2388 Figat
394 2319 478 2371 humo
490 2319 604 2387 plantae,
617 2325 643 2370 et
655 2317 754 2371 amcos
766 2317 858 2387 irriget
868 2316 976 2370 imbres.

215 2463 335 2534 Semel
353 2465 520 2533 videlieet
537 2464 737 2554 iterumque
755 2463 941 2554 eloquitur,
960 2463 994 2530 id
1014 2464 1106 2553 quod
1126 2485 1217 2532 sem·

166 2603 228 2671 per
244 2581 281 2648 in
298 2582 418 2649 animo
435 2579 589 2649 habebat
603 2601 612 2662 3
638 2600 744 2671 quam
766 2601 868 2670 paene
886 2578 1009 2647 fecerit
1026 2577 1215 2669 aliquando

165 2704 374 2785 perpetuam
391 2693 492 2763 istius
510 2693 707 2762 dulcedinis
726 2694 914 2784 jacturam.
967 2693 1097 2783 Ecquis
1114 2693 1216 2763 dubi·

165 2819 229 2889 tet,
254 2809 338 2900 quin
365 2808 461 2877 omni
488 2809 525 2876 in
551 2809 706 2878 carmine
732 2807 842 2877 lateat
868 2809 1026 2898 ejusdem
1052 2808 1216 2878 desiderii

164 2946 286 2995 sensus
312 2933 349 2993 et
375 2946 472 2994 ooeca
489 2924 653 3015 quaedam
670 2924 866 2993 divinatio?
892 2925 993 3014 eujus
1010 2925 1109 3014 quasi
1133 2947 1215 2994 acu-

165 3039 229 3109 leis
246 3038 450 3109 stimuletur
470 3037 665 3107 identidem
691 3038 780 3107 ruris
809 3060 997 3129 rerumque
1022 3039 1215 3132 agrestium

164 3177 273 3224 amor.
371 3194 372 3198 =

222 3267 385 3349 Habetis,
414 3268 632 3350 Academici,
661 3291 731 3359 quo
763 3270 919 3338 maxime
956 3268 1097 3337 vinculo
1132 3292 1215 3338 con·

166 3386 270 3453 tineri
300 3385 394 3454 inter
423 3407 461 3453 se
491 3393 615 3474 putem
646 3383 782 3454 diversa
811 3384 899 3453 adeo
930 3383 1060 3452 summi
1091 3382 1214 3455 Poetae

165 3520 281 3589 opera.
326 3498 430 3581 Quod
457 3505 625 3588 superest,
645 3498 836 3567 videndum
858 3521 903 3566 an
924 3497 1054 3566 eximie
1072 3497 1214 3566 faveant

165 3610 243 3680 haea
270 3613 388 3681 omnia
413 3613 541 3682 nostris
567 3613 721 3704 auguriis
747 3613 791 3681 de
817 3613 912 3680 omni
940 3611 1075 3681 ratione
1093 3620 1130 3681 et
1148 3613 1215 3685 ori·

164 3727 247 3818 gine
274 3727 324 3794 rei
348 3727 506 3816 poeticae.
559 3725 800 3816 Conjioiebam
826 3727 959 3818 utique,
985 3748 1056 3794 non
1082 3725 1150 3795 alia
1176 3749 1214 3794 re

166 3841 279 3932 magis
297 3840 433 3909 definiri
460 3862 561 3930 posse
579 3840 650 3909 vim
669 3841 753 3931 ejus,
772 3862 878 3930 quam
901 3841 929 3909 si
948 3839 1087 3920 dixeris,
1105 3838 1214 3908 levari

166 3976 228 4044 per
251 3976 331 4023 eam
353 3962 497 4045 pectora
522 3952 627 4046 plena
651 3954 833 4024 desiderio.
886 3954 942 4023 Ex
961 3978 1030 4046 quo
1052 3953 1212 4035 efficitur,

164 4071 285 4159 paucis
321 4068 394 4137 fore
430 4068 603 4161 insignem
638 4070 674 4136 in
705 4092 747 4138 eo
781 4092 911 4161 genere
939 4068 1098 4163 gloriam,
1128 4069 1213 4161 quin

270 4301 287 4322 ¹²¹
303 4293 396 4360 Georp.
412 4311 437 4358 4.
451 4307 511 4363 325.
900 4302 912 4324 ¹¹
925 4293 992 4346 ibid.
1006 4311 1031 4359 4.
1048 4309 1106 4346 112.
