2768 4876
174 309 241 376 592
367 311 516 388 ριιωιιαιιι
532 310 698 395 Euripidis
706 312 839 396 proprio
854 311 894 373 sit
909 310 985 374 lana.
1031 331 1127 372 runa.
1137 331 1225 372 xxrx.

176 497 279 566 posse
308 487 427 545 notam
453 475 550 545 illam
576 476 675 567 quasi
703 476 896 546 censoriam
920 477 957 544 in
983 484 1103 544 nostro
1122 475 1225 545 Euri-

176 591 268 682 pide,
286 593 380 682 quod
407 593 437 661 is
462 593 583 684 inepte
608 592 720 662 soleat
743 592 931 683 aliquando
957 600 995 660 et
1017 600 1162 661 cantare
1186 600 1224 662 et

175 709 386 777 ratiocinari.
439 707 586 778 Numne
612 709 722 802 igitur
749 709 947 789 statuimus,
972 709 1115 799 penitus
1142 730 1224 777 eum

175 823 349 892 excidisse
372 846 417 892 ex
441 846 588 893 numero
606 847 739 904 eorum,
757 825 817 916 qni
841 825 979 915 proprie
1001 846 1041 892 ac
1059 825 1224 915 primarie

177 937 297 1008 Poetae
327 939 528 1009 habentur?
580 939 782 1022 Attendite,
813 919 940 1032 quaeso,
972 939 1056 1030 quid
1085 940 1221 1032 agatis:

173 1055 309 1122 etenim
331 1055 390 1145 qui
419 1055 455 1123 in
487 1055 553 1123 hac
579 1078 684 1126 eausa
710 1057 830 1125 durior
854 1077 929 1125 esse
955 1052 1054 1135 velit,
1079 1062 1117 1122 et
1145 1077 1224 1146 per·

173 1167 305 1240 factam
328 1173 448 1263 exigat
464 1170 642 1264 ἀκριβείαν,
661 1194 784 1240 vereor
800 1172 975 1262 equidem,
994 1192 1038 1238 ne
1061 1169 1091 1238 is
1108 1169 1223 1238 Shak-

172 1308 313 1376 sperum
334 1309 474 1377 quoque
494 1287 609 1377 ipsum
628 1309 648 1355 e
666 1286 834 1378 praeclara
854 1285 914 1356 illa
931 1286 1074 1355 natione
1091 1285 1220 1376 ejiciat.

175 1400 296 1470 Nemo
319 1404 425 1482 euim,
446 1411 488 1471 ut
514 1403 648 1494 opinor,
671 1403 864 1495 negaverit,
889 1401 1133 1492 Shaksperum
1155 1399 1220 1471 hae

172 1516 278 1608 eulpa
297 1517 444 1585 minime
461 1539 563 1608 posse
580 1516 729 1599 liberari,
747 1520 807 1609 qui
824 1519 860 1586 in
877 1518 1091 1610 gravissimis
1108 1517 1221 1588 causis

172 1633 340 1723 aucupari
362 1631 474 1701 soleat
500 1655 593 1701 nunc
612 1633 718 1702 verba
741 1642 778 1702 et
800 1631 959 1724 syllabas,
977 1654 1071 1701 nunc
1088 1631 1220 1725 ingenii

171 1756 211 1818 et
236 1749 491 1817 sententiarum
518 1748 691 1818 acumina.
744 1748 801 1816 Ex
826 1772 896 1840 quo
922 1747 1144 1841 intelligitur,
1170 1748 1220 1818 ita

172 1864 330 1933 damnari
360 1873 522 1956 oportere
552 1865 612 1955 qui
646 1862 742 1933 hisce
772 1866 874 1957 nugis
906 1865 1051 1934 nimiam
1082 1863 1220 1934 dederit

169 2000 326 2069 operam,
348 1988 389 2048 ut
415 2003 460 2049 ne
485 1988 606 2048 tamen
634 1981 755 2049 statim
778 1979 926 2071 judices,
954 1980 1106 2050 caruisse
1135 2002 1217 2050 eum

172 2095 277 2187 igneo
306 2094 368 2163 illc
397 2095 516 2188 vigore
544 2118 588 2164 ac
618 2095 650 2162 vi
682 2117 860 2188 germanae
889 2094 1052 2164 Poeseos.
1099 2095 1219 2180 Quare

171 2231 358 2301 pergamus
380 2211 416 2278 in
439 2208 630 2301 Euripidea
653 2208 720 2280 hac
746 2232 860 2294 causa,
877 2220 984 2302 atque
1007 2209 1051 2279 ad
1074 2232 1117 2280 ea
1142 2219 1219 2280 tan·

172 2324 254 2394 dem
280 2326 472 2406 veniamus,
497 2348 579 2416 quae
606 2347 651 2394 ex
677 2325 788 2395 altera
813 2335 913 2417 parte
938 2326 1008 2395 dici
1036 2333 1216 2417 poterunt

173 2437 270 2507 Nam
296 2438 360 2508 illa
382 2441 468 2508 satis
493 2438 635 2530 quidem
663 2441 835 2510 invidiosa
864 2441 1017 2532 prudens
1046 2448 1216 2531 praetereo

170 2552 237 2622 lroo
263 2563 435 2646 tempore,
456 2556 587 2647 partim
614 2556 658 2625 de
686 2556 908 2625 foeminarnm
933 2554 1061 2635 indole,
1085 2556 1215 2646 partim

168 2669 215 2737 de
232 2669 400 2762 religione
414 2670 572 2740 Deorum
590 2672 749 2741 acerbius
766 2680 803 2741 et
820 2673 986 2741 audacius
999 2672 1109 2740 dicta:
1134 2692 1214 2740 cum

167 2785 244 2854 fore
273 2786 457 2867 confidam,
483 2795 523 2855 ut
551 2788 587 2855 in
613 2796 764 2878 utroque
790 2788 906 2878 capite
936 2787 1066 2878 possim
1091 2807 1214 2855 eruere

166 2902 253 2971 satis
270 2902 424 2993 amplam
442 2902 554 2972 laudis
572 2905 765 2972 materiem.

218 3017 407 3100 Quodnam
437 3019 546 3110 igitur
576 3019 653 3100 erit,
676 3017 895 3100 Academici,
919 3017 1098 3088 excellens
1125 3014 1212 3084 illud

166 3157 208 3202 ao
221 3135 399 3225 proprium
412 3132 589 3224 Euripidis
602 3134 842 3224 praeconium?
864 3157 977 3225 quave
991 3133 1212 3225 potissimum

166 3249 309 3340 regione
326 3271 525 3340 quaeremus
542 3250 680 3321 abditos
697 3250 773 3340 ejus
790 3271 935 3340 poeseos
952 3246 1091 3317 fontes?
1144 3244 1211 3315 Ni·

166 3363 217 3431 hil
250 3364 308 3433 hic
342 3387 509 3433 arcanum
530 3365 698 3448 dicimus,
727 3363 815 3432 nihil
850 3386 921 3431 non
950 3362 1047 3431 omni
1079 3358 1210 3430 saeculo

166 3479 414 3549 decantatum:
441 3481 600 3549 extitisse
618 3478 782 3549 videlicet
804 3477 905 3547 illurn
923 3479 1047 3557 virum,
1065 3485 1106 3545 ut
1128 3497 1209 3545 cum

166 3590 361 3662 Aristotele
379 3593 541 3684 loquarm,
554 3595 808 3688 τραγικώτατον
819 3598 884 3663 τῶν
898 3597 1051 3674 ποιητῶν.
1090 3591 1209 3676 Quam

165 3709 377 3777 sententiam
398 3731 480 3777 cum
498 3709 605 3778 ferret
625 3709 763 3779 subtilis
781 3709 906 3800 judex,
924 3707 968 3777 ad
986 3730 1069 3775 eum
1087 3707 1210 3797 opinor

163 3822 271 3891 finem
289 3825 444 3914 respexit
462 3823 666 3916 Tragoedias,
685 3848 790 3916 quem
812 3832 984 3895 statuerat
1001 3823 1076 3914 ipse
1092 3829 1207 3898 antea,

164 3959 292 4028 nempe
309 3949 409 4008 metu
431 3948 468 4008 et
492 3940 729 4010 misericordia
752 3940 951 4033 purgandos
967 3960 1044 4008 esse
1061 3935 1207 4006 affectus

163 4050 357 4123 hominurn
410 4053 493 4124 Una
517 4064 572 4124 est
598 4063 728 4124 autern¹
744 4055 903 4124 omnium
926 4076 1005 4134 von,
1029 4053 1207 4122 neminem

601 4273 624 4302 m
637 4263 710 4317 Puer.
724 4263 766 4319 26.
