2768 4876
170 330 266 378 rant.
279 331 381 376 xxrrr.
432 306 573 376 Pindari
586 329 657 394 cryc
672 305 837 393 Principes
850 301 1008 384 supparia.
1153 301 1217 365 ‘545
1264 292 1268 298 ’

171 503 311 565 rennos,
340 482 547 564 Hieronem,
575 479 785 560 Theronem,
815 475 1024 557 Arcesilam,
1056 472 1111 543 vel
1141 472 1217 563 ipso

172 599 257 669 flore
282 599 479 669 carminum
503 617 646 666 suorum
672 593 907 685 prosequitur.
960 591 1018 660 De
1034 590 1139 682 plebe
1155 613 1219 683 gu·

172 712 346 784 bernante
365 713 450 804 quid
475 710 615 790 sentiat.
638 731 709 778 uno
733 706 842 777 verbo
865 707 981 788 docet,
1002 706 1063 776 ubi
1087 701 1219 801 λάβρον

171 819 324 923 erpi-ror
342 824 507 919 appellat.

221 941 449 1034 Quapropter
468 936 603 1030 optime
626 934 841 1029 conspirasse
859 933 1061 1027 judicamus
1086 935 1218 1006 avitam

170 1054 318 1126 Pindari
339 1056 383 1124 de
399 1053 581 1145 republica
597 1052 810 1121 sententiam
828 1073 910 1120 cum
928 1050 1089 1120 universa
1111 1050 1219 1142 ipsius

168 1170 312 1240 indole:
340 1192 386 1239 ne
408 1191 481 1238 non
501 1176 539 1238 et
560 1167 613 1236 vir
638 1174 731 1236 esset
757 1175 794 1236 et
818 1165 931 1236 Poeta
956 1188 1159 1260 paucorum,
1177 1175 1219 1237 ut

167 1287 223 1356 ita
242 1285 369 1365 dicam,
387 1282 582 1352 hominum.

221 1398 327 1468 Idem
345 1406 465 1467 tamen
483 1397 630 1466 minime
645 1403 786 1465 veretur
802 1396 1015 1487 gravissimis
1031 1395 1129 1465 adire
1144 1417 1221 1473 mo·

164 1513 266 1595 nitis,
294 1513 323 1581 si
349 1534 405 1581 res
429 1513 481 1581 ita
506 1510 641 1592 tulerit,
667 1511 842 1601 principes
866 1511 968 1590 viros,
994 1518 1031 1578 st
1053 1517 1220 1601 potentes

163 1628 316 1710 amicos,
352 1637 447 1696 nunc
481 1625 611 1695 tectius
644 1649 739 1695 nunc
773 1627 940 1718 apertius.
999 1625 1095 1696 Nam
1125 1625 1220 1716 quod

162 1743 267 1835 apud
297 1740 462 1812 Athenas
492 1739 632 1810 Scenioi
660 1763 781 1811 coram
812 1742 991 1832 arroganti
1020 1762 1063 1811 ac
1094 1761 1221 1808 vesana

163 1854 413 1935 multitudine,
429 1855 537 1937 idem,
555 1854 592 1922 ni
613 1853 726 1936 fallor,
744 1853 983 1946 praestiterunt
1005 1851 1120 1944 Lyrioi
1146 1849 1221 1920 lau-

163 1972 314 2040 datores
332 1989 450 2038 ooram
467 1970 625 2061 tyrannis
649 1979 689 2037 et
713 1968 952 2059 optimatibus.
1005 1966 1134 2035 Parum
1152 1966 1222 2034 for-

163 2097 266 2156 tasse
288 2084 491 2154 abhorrebit
515 2106 537 2152 a
560 2105 710 2152 munere
726 2090 765 2151 et
781 2081 896 2150 officio
916 2103 1038 2149 eorum
1057 2078 1222 2151 Horatia·

162 2222 258 2270 unm
275 2196 429 2269 illudde
447 2197 556 2269 Obori
573 2197 712 2290 Tragici
730 2196 906 2287 partibus:

384 2404 434 2458 lile
443 2402 523 2457 bonis
535 2401 672 2472 faveatque
684 2407 710 2454 et
722 2399 875 2455 consilietur
886 2397 986 2460 amicis.

385 2489 421 2544 Et
432 2496 507 2559 regat
518 2488 607 2550 iratos,
620 2496 647 2540 et
659 2494 729 2542 amet
740 2503 847 2559 peccare
859 2485 990 2543 timentes.

162 2665 315 2757 “Regit
340 2666 491 2736 iratum’'
512 2665 686 2736 Pindarus
707 2666 928 2736 Arcesilam:
958 2664 1107 2735 Hieroni
1122 2665 1221 2735 favet

166 2788 208 2850 et
222 2787 398 2871 tanquam
415 2781 529 2851 amico
546 2781 769 2852 consiliatore
790 2781 999 2863 Theronem
1013 2790 1033 2821 ‘⁴
1042 2780 1222 2872 peccare,”

164 2902 213 2964 ut
232 2893 417 2976 videtur,“‘
428 2896 626 2976 timentem,
642 2896 761 2966 amat”
777 2907 816 2966 et
833 2896 958 2968 solatio
976 2895 1208 2988 prosequitur.

219 3007 497 3080 -Oonsideromus
515 3009 694 3101 paulisper
705 3012 794 3102 quid
820 3011 975 3081 habeant
993 3009 1131 3102 singula
1148 3031 1224 3079 car·

167 3110 281 3203 mina,
292 3122 386 3212 quod
399 3131 462 3192 aut
479 3121 655 3194 laudantis
668 3126 894 3195 commendet
912 3127 1148 3217 prudentiam,
1158 3133 1222 3193 aut

168 3233 381 3327 religionem
408 3236 510 3307 istius
540 3237 657 3308 saeculi
686 3241 778 3308 circa
803 3239 995 3309 Poetarum
1021 3238 1121 3311 velut
1146 3261 1223 3311 ora·

169 3348 336 3419 culorum
352 3351 550 3446 παρρησίαν.
607 3350 805 3422 Arcesilam
832 3355 927 3445 prius
951 3353 1125 3435 conciliat,
1143 3360 1221 3422 tum

168 3474 318 3556 propter
334 3463 413 3546 alia,
431 3474 510 3536 tum
528 3468 697 3557 quianon
717 3490 822 3539 unam
840 3470 946 3537 modo
967 3467 1129 3538 laudibus
1147 3469 1222 3559 ejus

169 3588 214 3649 ut
235 3586 442 3650 caeterorum
465 3581 678 3650 cantilenam
700 3583 886 3664 dicaverat,
903 3584 970 3652 sed
996 3591 1159 3675 eruperat
1185 3584 1221 3652 in

170 3694 317 3764 laudata
340 3693 401 3762 illa
418 3691 670 3787 Argonautica,
691 3719 834 3766 carmen
861 3699 961 3788 epica
987 3696 1060 3765 fere
1083 3697 1221 3788 magni·

171 3809 308 3879 tudine.
343 3809 483 3880 Deinde
499 3809 770 3881 similitudinem
781 3810 1123 3903 :adhibetaenigmati
1142 3832 1221 3903 pro-

170 3926 320 4017 piorem,
345 3948 416 4017 quo
446 3926 574 4018 partim
599 3926 719 4000 velare
748 3929 859 4018 possit
884 3928 1072 3999 consilium
1105 3949 1219 4010 suum,

171 4039 268 4130 quod
295 4047 333 4108 et
361 4039 473 4110 tutius
500 4041 549 4112 sit
570 4041 621 4113 ad
652 4042 757 4123 cives,
785 4051 823 4113 et
848 4043 1079 4114 verecundius
1105 4044 1143 4112 in
1168 4044 1220 4136 ip·

172 4173 251 4221 sum
281 4173 423 4246 regem:
455 4154 586 4247 partim
613 4156 720 4224 etiam
750 4157 897 4226 accedat
920 4180 1029 4249 quam
1059 4157 1219 4247 proxime

172 4264 215 4335 ad
250 4265 361 4337 divini
396 4268 516 4347 nuncii
550 4268 749 4349 formulam,
784 4270 924 4361 qualem
958 4271 1056 4340 illam
1089 4293 1217 4342 novere

655 4404 727 4458 NI]
