2768 4876
171 361 258 402 rann.
268 361 377 403 xxxvi.
401 337 619 401 Flammarum
632 336 695 419 ejus
709 336 945 400 similitudinum
959 337 1050 400 ratio,
1147 339 1207 403 731

171 531 305 600 quoque
332 518 503 578 terrarum
529 506 678 599 angulo:
707 507 804 576 velut
822 508 894 588 ubi,
913 508 1116 599 propinquis
1135 509 1211 600 jam

171 624 304 704 armis⁸‚

309 767 465 822 Evandrum
476 784 509 820 ex
521 765 616 819 humili
627 773 697 819 tecto
709 766 755 819 lux
768 766 877 819 suscitat
889 768 966 829 alma,

309 852 345 906 Et
355 851 479 905 mstrrtini
491 851 630 905 volucrum
643 851 694 904 sub
707 851 822 904 culmine
834 859 929 905 cantus
937 872 981 906 :-

173 973 223 1043 vel
250 974 322 1053 ubi,
341 971 505 1044 Vulcano
525 973 570 1040 ad
596 994 702 1062 opera
727 972 865 1041 fabrilia
891 983 1066 1067 surgente,
1086 975 1213 1046 dulcis-

171 1090 255 1158 sima
271 1087 461 1158 adhibetur
477 1087 645 1178 temporis
663 1087 872 1179 significatio
882 1093 912 1157 t:

379 1231 436 1287 Ubi
446 1233 532 1302 prima
544 1233 618 1304 quies
629 1232 718 1286 medio
726 1232 782 1302 jam
794 1233 879 1286 noctis
891 1232 991 1287 abactae

308 1317 448 1372 Curriculo
459 1319 595 1388 expulerat
607 1336 747 1382 somnum3
767 1335 829 1371 cum
840 1318 949 1372 ioemina
960 1321 1085 1389 primum,
1127 1361 1130 1366 .

308 1403 360 1458 cui
370 1405 481 1457 tolerare
493 1405 551 1457 colo
563 1404 644 1457 vitam
655 1404 782 1475 tenuique
794 1403 917 1458 Minerva

307 1487 476 1557 Impositum,
489 1487 603 1540 cinerem
615 1496 641 1540 et
653 1488 754 1556 sopitos
768 1489 877 1541 suscitat
889 1490 973 1560 ignes,

306 1572 421 1626 Noctem
432 1571 533 1626 addens
545 1572 626 1641 operi,
639 1582 742 1626 castum
755 1582 786 1626 ut
798 1591 901 1628 servare
914 1575 1001 1629 cubile

306 1658 445 1730 Conjugis,
458 1665 484 1711 et
495 1658 580 1728 possit
592 1675 686 1728 parvos
699 1659 810 1714 educere
821 1669 907 1714 natos.

168 1799 314 1870 Haerent
342 1800 379 1868 in
409 1798 463 1868 bis
489 1797 660 1881 nonnulli,
685 1807 853 1891 tanquam
882 1800 998 1869 alieno
1026 1800 1104 1871 loco
1132 1827 1210 1894 pro-

167 1915 262 1985 latis:
291 1917 353 1985 sed
370 1916 491 2007 quidni
510 1913 693 2007 Virgilius,
712 1914 874 1984 militiam
896 1939 966 1984 non
995 1926 1120 2007 sponte
1137 1918 1210 1987 adi-

166 2040 273 2113 turus,
300 2052 466 2112 amorem‚
490 2031 550 2121 qui
576 2030 641 2098 sibi
669 2052 808 2122 semper
832 2039 917 2112 erat,
944 2033 1090 2125 agrestis
1117 2034 1208 2116 vitae,

165 2147 289 2218 leniret
307 2147 383 2239 ejus
399 2144 526 2236 opellae
544 2145 750 2216 mentione?

211 2263 336 2354 Atque
353 2261 427 2331 baec
445 2262 587 2352 quidem
612 2261 730 2331 hausit
750 2285 795 2330 ex
814 2261 1036 2332 Homericis:
1063 2264 1154 2333 sicut
1171 2273 1209 2334 et

164 2376 330 2467 plurimas
356 2376 613 2459 similitudines,
632 2377 769 2466 quibus,
787 2378 840 2444 uti
858 2377 977 2459 nostia,
996 2377 1134 2447 evolare
1155 2401 1210 2447 so-

164 2493 210 2563 let
228 2516 249 2563 e
267 2495 385 2563 media
402 2493 500 2562 caede
518 2500 555 2562 et
573 2493 752 2584 sanguine,
771 2514 879 2583 seque
896 2494 933 2561 in
950 2500 1047 2562 tutos
1060 2492 1209 2564 Naturae

164 2631 316 2690 recessus
342 2609 482 2678 abdere.
528 2607 641 2680 Verbi
659 2630 783 2677 causa:
811 2608 968 2678 obsessos
986 2607 1133 2679 Latinos
1158 2610 1209 2680 ita

163 2725 270 2795 ferme
288 2725 501 2794 commoveri
519 2732 637 2795 narrat
648 2735 674 2805 ¹¹,

301 2871 422 2923 Inclusas
434 2878 465 2922 ut
477 2887 540 2923 cum
551 2869 683 2922 latebroso
695 2869 724 2921 in
736 2869 841 2937 pumice
853 2877 944 2938 pastor

300 2957 448 3026 Vestigavit
461 2973 532 3026 spes,
545 2956 672 3027 fumoque
685 2956 804 3024 implevit
816 2973 923 3018 amar03

300 3044 356 3096 111ae
368 3043 442 3096 intus
453 3040 563 3111 trepidae
575 3059 665 3095 rerum
676 3058 723 3111 per
735 3059 809 3095 cerea
820 3050 906 3095 castra

299 3131 471 3192 Discurrunt,
483 3128 641 3200 magnisque
653 3135 753 3182 acuunt
765 3127 924 3182 stridoribus
936 3128 1004 3181 iras:

299 3216 423 3270 Volvitur
434 3217 490 3269 atir
501 3215 568 3269 odor
579 3215 670 3269 tectis:
690 3224 749 3268 tum
760 3232 899 3268 murmure
911 3231 983 3268 coeco

299 3303 378 3357 lutus
391 3320 454 3356 saxa
465 3309 578 3355 sonant:
597 3318 694 3355 vacuas
706 3301 727 3355 it
738 3301 830 3354 fumus
843 3299 878 3354 ad
889 3317 976 3353 auras.

161 3432 277 3504 Etiam
295 3454 376 3522 quae
394 3431 513 3511 babet,
530 3433 758 3501 atrocissimae
777 3454 903 3524 pugnae
920 3431 1131 3500 immixta¹:

406 3563 481 3617 Furit
492 3564 602 3628 AEneas,
615 3573 753 3636 tectusque
764 3573 836 3619 tenet
849 3584 893 3629 se;

298 3649 338 3702 Ac
351 3651 431 3713 velut,
444 3649 528 3703 effusa
540 3650 563 3704 si
575 3649 683 3722 quando
695 3651 824 3722 grandine
836 3651 921 3706 nimbi

298 3733 475 3804 Praecipitant,
488 3736 575 3789 omnis
588 3737 688 3806 campis
701 3734 807 3807 diffugit
819 3746 914 3801 arator,

298 3821 394 3874 Omnis
407 3830 433 3874 et
445 3822 560 3892 agricola
566 3843 574 3885 ς
594 3832 620 3875 et
632 3831 689 3875 tuta
700 3824 763 3876 latet
775 3840 835 3876 arce
846 3824 939 3887 viator,

296 3908 352 3961 Aut
364 3908 450 3962 amnis
463 3909 536 3977 ripis,
547 3917 594 3962 aut
605 3909 651 3962 alti
663 3908 763 3962 fornice
775 3927 831 3972 sax,

297 3993 372 4047 Dum
384 3994 453 4064 pluit
464 3995 493 4047 in
505 3995 599 4058 terris3
617 4004 648 4048 ut
659 3996 752 4064 possit,
766 3997 821 4048 sole
833 3995 951 4058 reducto,

296 4078 425 4135 Exercere
438 4080 525 4134 diem:
546 4081 583 4135 sic
596 4081 708 4136 obrutus
721 4079 840 4151 undique
851 4081 910 4134 telis

174 4301 264 4352 ⁸AEn.
277 4300 303 4353 8.
317 4314 378 4369 455.
450 4301 538 4354 tlbid.
553 4314 614 4370 407.
687 4301 909 4370 ¹¹1bid.12.587.
981 4299 1201 4356 ¹lbid.10.802.
