2768 4876
172 309 237 370 448
340 308 504 386 dommum
518 306 623 372 tabat
637 309 675 371 Io
689 310 800 373 erroris
813 311 983 373 torminum.
1018 332 1112 375 rant.
1125 333 1215 374 xxm.

171 480 388 572 obstupescit
406 479 468 549 illa
485 481 638 571 quidem,
657 483 716 551 sed
736 482 796 551 vix
814 484 898 552 satis
914 483 992 553 fidit
1009 483 1207 576 loquentiu:

378 600 420 656 τίς
432 599 481 671 ἄρα
492 598 528 669 μ’,
542 599 562 654 ὦ
574 601 662 664 τάλας,

378 687 426 740 τάν
437 687 601 758 ταλαίπωρον
613 687 656 741 ὧδ’

378 772 458 841 ἔτυμα
468 773 642 844 προσθροεῐς;

380 898 386 912 .
397 900 403 913 .
416 900 421 913 .
432 859 517 913 ,ἀλλά
529 881 573 928 μοι
584 864 666 930 τορῶς
678 860 811 930 τέκμηρον,

378 944 394 997 d
405 967 430 998 τι
441 945 467 1014 μ’
481 945 618 1015 ἐπαμμένει

378 1030 478 1094 παθεῖν,
491 1032 517 1084 τί
527 1031 562 1101 μὴ
574 1030 634 1102 χρή·
654 1031 680 1084 τί
691 1032 827 1102 φάρμακον

379 1119 468 1181 νόσου,
482 1118 575 1187 δεῖξον,
588 1115 659 1188 εἴπερ
672 1114 795 1172 οἶσθα·-

169 1237 254 1283 mox
280 1223 410 1298 autem,
437 1218 511 1284 solo
534 1216 740 1285 nominante
765 1238 803 1285 se
828 1214 1054 1299 Prometheo,
1072 1216 1214 1311 plenam

170 1330 207 1398 in
232 1353 275 1400 eo
298 1331 463 1400 fiduciam
489 1330 584 1400 illico
610 1332 760 1422 reponit.
813 1328 1057 1403 Misericordia
1074 1357 1215 1427 quoque

169 1451 275 1526 tacta,
297 1445 341 1512 de
368 1445 443 1535 ejus
468 1446 635 1514 aerumnis
652 1444 709 1513 vel
735 1445 831 1536 prius
857 1447 974 1516 doceri
1001 1447 1089 1530 vult,
1107 1471 1214 1539 quam

168 1560 214 1629 de
231 1561 284 1630 sui
303 1559 418 1630 exsilii
435 1560 624 1629 termino⁰z

378 1676 398 1730 ὦ
411 1678 495 1730 κοινὸν
506 1677 634 1747 ὠφέλημα
644 1678 777 1746 θνητοῖσιν
788 1679 887 1750 φανεὶς,

377 1764 476 1832 τλῆμον
486 1763 634 1834 Προμηθεῦ,
646 1768 692 1818 τοῦ
704 1761 776 1833 δίκην
785 1765 898 1836 πάσχεις
908 1765 984 1828 τάδε;

168 1860 275 1945 Quod
292 1869 482 1952 utrumque
500 1862 627 1932 videtis
644 1861 809 1953 puellaris
827 1884 902 1933 esse
920 1862 1089 1957 ἀφέλειας.

219 1975 312 2045 Haec
341 1975 458 2058 habui,
486 1998 548 2045 cur
574 1974 726 2045 Inachiae
756 1976 883 2069 puellae
913 1975 1075 2046 consulto
1104 1977 1214 2047 tribui

167 2094 378 2183 conjicerem
396 2113 454 2160 eas
471 2099 598 2182 partes,
616 2114 693 2183 quae
710 2093 866 2161 maxime
883 2090 1061 2162 declarare
1077 2093 1214 2184 possint

167 2207 415 2300 aegritudinem
442 2205 593 2289 illorum,
622 2208 681 2298 qui
707 2208 781 2276 sive
808 2207 959 2298 juvenes
988 2208 1063 2277 sive
1092 2207 1212 2276 animo

167 2344 307 2414 prorsus
330 2322 480 2414 juvenili
505 2345 568 2415 spe
595 2324 746 2414 quadam
777 2321 968 2415 longinqua
993 2345 1034 2392 ac
1060 2344 1151 2414 vaga
1174 2343 1213 2392 se

167 2438 279 2531 abripi
308 2440 439 2509 sinunt.
491 2437 549 2507 Ex
575 2461 644 2530 quo
670 2437 831 2520 efficitur,
854 2461 918 2530 per
944 2437 1102 2507 fortunas
1125 2460 1212 2528 quo-

167 2575 237 2643 que
258 2553 332 2643 ejus
355 2553 593 2644 repraesentari
616 2551 763 2622 fortasse
781 2551 997 2644 Supercrum
1015 2551 1211 2632 consilium,

167 2691 238 2759 quo
255 2668 375 2738 nimiae
392 2668 574 2759 cupidines
593 2666 709 2736 solent
726 2677 907 2759 utcunque
924 2666 1082 2736 resecari.
1134 2666 1213 2735 Tae-

167 2784 229 2853 det
255 2781 419 2852 videlicet
447 2782 574 2851 infiniti
604 2783 739 2865 erroris,
767 2783 879 2875 pudet
907 2780 1125 2850 intuentium
1155 2788 1211 2851 tot

167 2907 245 2968 tum
269 2897 427 2968 Deorum
453 2906 531 2966 tum
555 2898 750 2966 hominum.
802 2897 924 2988 Usque
941 2919 985 2966 eo
1011 2904 1133 2965 tamen
1157 2897 1211 2966 in-

165 3014 278 3105 quieti
304 3022 341 3082 et
366 3013 462 3082 anxii
488 3021 668 3105 vagentur,
695 3014 808 3082 donec
837 3011 1047 3080 adhibeatur
1071 3012 1211 3081 medica

165 3151 291 3199 manus
305 3128 483 3209 Numinis,
495 3136 649 3196 veterem
662 3128 738 3218 jam
756 3128 919 3196 morbum
937 3126 1096 3219 simplice
1109 3135 1210 3198 tactu

165 3246 340 3338 pellentis.
391 3244 501 3334 Cujus
527 3245 576 3312 rei
604 3243 895 3336 significationem
925 3241 1033 3311 habet
1062 3242 1210 3311 minime

165 3359 393 3428 temnendam
419 3354 575 3425 clausula
599 3355 661 3426 illa
685 3355 825 3441 fabulae,
851 3379 921 3447 qua
943 3355 1131 3448 perhibent
1158 3355 1209 3437 Io,

165 3473 240 3544 sive
251 3472 324 3541 Isin
342 3472 459 3565 potius
476 3470 641 3564 appelles,
653 3472 697 3541 ad
711 3494 793 3541 eum
811 3471 918 3540 finem
936 3472 1092 3540 exerceri
1106 3471 1209 3541 devio

166 3591 302 3671 itinere,
320 3590 435 3680 quoad
453 3586 597 3657 fatalem
621 3588 738 3682 locum
756 3587 930 3670 adveniat,
948 3595 1209 3656 sacrosanctum

166 3705 268 3775 illum
279 3705 433 3796 quidem,
445 3705 556 3794 utqui
570 3704 657 3773 situs
673 3704 718 3773 sit
731 3704 776 3772 ad
788 3725 884 3772 oram
895 3701 1051 3795 AEgypti,
1063 3708 1210 3771 sacratae

166 3819 251 3888 olim
265 3819 436 3912 regionis:
454 3840 524 3908 quo
536 3818 573 3885 in
586 3816 664 3886 loco
672 3818 821 3908 jubetur
831 3823 1019 3907 expectare
1029 3812 1054 3883 J
1056 3822 1193 3883 ovemP.

375 3947 448 4000 ἔστιν
458 3947 535 3999 πόλις
547 3945 670 4008 Κάνωβος
682 3944 781 4015 ἐσχάτη
792 3943 895 4014 χθονὸς,

375 4031 471 4084 Νείλου
482 4031 548 4100 πρὸς
559 4031 627 4102 αὐτῷ
641 4033 751 4098 στόματι
763 4030 803 4082 καὶ
815 4030 997 4099 προσχώματι·

374 4116 482 4170 ἐνταῦθα
494 4115 525 4184 δή
538 4140 570 4172 σε
583 4118 644 4173 Ζεὺς
657 4117 760 4184 τίθησιν
772 4116 898 4185 ἔμφρονα.

233 4293 251 4322 ¹¹
269 4285 355 4337 Prom.
370 4285 430 4353 596.
607 4293 618 4316 ⁰
636 4283 702 4339 Ibat
717 4282 777 4349 614·
956 4291 971 4328 1¹
988 4281 1057 4335 ibid.
1070 4280 1132 4348 845.
