2768 4876
167 322 231 386 770
380 319 528 404 Virgilius
541 341 596 383 arr
611 321 764 383 aaaron
779 320 945 384 mactatur.
970 343 1065 384 rusa.
1077 342 1215 384 xxxvru.

167 494 382 576 flunrinibus,
407 495 598 574 montibus,
625 493 750 587 sylvis3
777 517 848 564 non
872 496 1024 587 depictis
1044 496 1153 564 modo
1177 504 1215 565 et

167 612 335 679 ornatis2.

307 730 347 783 Ac
359 732 431 784 velut
442 732 487 784 ille
498 749 596 784 canum
607 749 700 785 morsu
712 731 745 785 de
758 731 893 785 montibus
906 733 967 785 altis

306 817 392 870 Actus
404 834 475 886 uper,
485 819 583 871 multos
597 818 703 870 Vesulus
715 835 794 888 quem
801 819 903 887 pinifer
915 837 999 871 annos

307 902 442 967 Defendit,
455 905 607 973 multosque
615 905 694 974 palas
707 905 860 967 Laurentia,
874 907 949 975 sylva

306 990 402 1044 Paetus
414 990 568 1044 arundinea.

165 1089 343 1171 Quorsum
378 1113 420 1170 ea
450 1092 584 1158 mentio
609 1089 735 1160 Vesuli
766 1100 803 1160 et
833 1090 1036 1159 Laurentiae
1065 1091 1215 1183 paludis

165 1205 229 1272 nisi
260 1215 377 1274 utres
403 1205 516 1274 omnis
542 1228 659 1274 coram
686 1207 796 1298 magis
822 1214 905 1274 ante
931 1206 1050 1276 oeulos
1078 1220 1213 1300 agatur,

166 1342 354 1409 veramque
377 1328 414 1388 et
442 1319 556 1389 vivam
583 1321 803 1390 venationem
831 1323 1104 1412 praeseferat?
1132 1324 1214 1405 Quo

164 1437 328 1526 pertinet,
355 1437 470 1517 oredo,
497 1436 585 1506 illud
612 1461 763 1528 quoque,
789 1440 882 1528 quod
919 1441 1061 1508 nonde
1088 1441 1214 1531 quovis

164 1554 281 1644 agitur
307 1577 403 1644 apr0,
427 1554 488 1622 sed
517 1555 561 1622 de
593 1553 671 1634 Illo,
700 1555 760 1644 qui
791 1554 940 1636 dicitur3
967 1555 1136 1625 videlicet
1163 1555 1212 1624 de

164 1682 249 1739 noto
280 1670 397 1760 aliquo
425 1693 465 1738 ac
496 1670 693 1752 formidato,
722 1693 827 1760 quem
857 1670 979 1740 multis
1002 1675 1081 1763 jam
1111 1673 1214 1740 annis

165 1797 335 1855 noverant
354 1795 537 1855 venatores
554 1787 630 1855 istis
647 1787 838 1877 praesertim
858 1785 1001 1855 latebris
1018 1789 1084 1856 uti.

215 1901 338 1992 Atque
357 1902 423 1982 hie,
435 1912 476 1970 ut
494 1903 632 1993 saepius,
650 1903 685 1972 id
705 1902 813 1971 habet
832 1902 1005 1994 Virgilius
1022 1926 1214 1971 commune

165 2041 245 2086 cum
277 2018 506 2110 agricolarum
542 2020 694 2100 natione,
726 2020 819 2109 quod
847 2019 947 2087 valde
978 2019 1148 2088 delectari
1175 2041 1214 2088 se

166 2135 338 2226 significat
379 2135 474 2202 omni
519 2158 648 2230 genere
693 2135 897 2216 venationis,
931 2136 1085 2225 ipsisque
1121 2136 1211 2204 adeo

166 2251 310 2319 vocibus
340 2259 377 2318 et
403 2251 626 2334 clamoribus,
655 2251 782 2342 quibus
813 2250 919 2342 vulgo
947 2273 984 2318 se
1018 2253 1211 2320 accendere

165 2366 255 2434 solet
279 2366 313 2434 id
336 2390 457 2458 genus.
511 2366 648 2436 Praeter
665 2368 759 2436 enirn
781 2389 945 2458 expressa
961 2367 996 2434 in
1017 2365 1211 2459 Georgicis,

165 2490 205 2548 ut
228 2483 278 2549 ita
301 2483 426 2563 dicam,
451 2485 577 2564 edicta,
600 2483 727 2574 quibus
755 2484 847 2573 pasci
869 2482 975 2572 jubet
998 2505 1112 2559 canes,
1139 2483 1212 2551 hie-

166 2620 330 2687 memque
356 2599 527 2688 ejusmodi
557 2598 635 2666 lusu
664 2599 737 2666 fieri
764 2598 961 2688 genialem:
989 2621 1059 2665 nou
1083 2621 1212 2688 paucas

165 2710 201 2776 iu
219 2709 368 2779 AEneide
387 2712 531 2780 adducit
549 2713 806 2793 similitudines
821 2734 968 2802 quarum
986 2711 1080 2779 idem
1101 2713 1212 2780 ferme

164 2835 217 2892 est
236 2834 384 2895 tenorr:

306 2947 444 3000 Inclusum
458 2948 539 3000 veluti
552 2948 574 3000 si
587 2947 694 3018 quando
707 2949 734 3000 in
748 2947 857 3001 flumine
870 2955 964 2999 nactus

306 3032 431 3095 Cervum‚
444 3043 490 3086 aut
502 3034 620 3102 puniceae
634 3043 738 3102 septum
751 3033 891 3086 formidine
904 3050 1008 3101 pennae,

305 3120 422 3173 Venator
435 3138 517 3173 cursu
526 3121 598 3173 canis
611 3129 640 3172 et
652 3120 789 3172 latratibus
802 3120 898 3172 instat:

306 3206 353 3260 Ille
366 3217 464 3271 autem,
478 3208 581 3281 insidiis
595 3217 621 3260 et
633 3208 690 3276 ripa
702 3208 808 3259 territus
822 3209 881 3269 alta,

304 3292 379 3345 Mille
391 3294 460 3363 fugit
471 3295 621 3364 refugitque
632 3295 687 3347 vias
700 3315 705 3346 :
725 3303 751 3346 at
764 3294 869 3347 vividus
883 3294 988 3346 Umber

308 3378 400 3433 Haeret
413 3380 499 3443 hians,
509 3382 565 3450 jam
574 3382 684 3451 jamque
697 3390 775 3443 tenet,
789 3381 934 3452 similisque
947 3382 1047 3433 tenenti

306 3465 441 3535 increpuit
454 3468 538 3530 malis,
551 3485 696 3538 morsuque
709 3469 799 3521 elusus
811 3469 884 3521 inani
897 3477 944 3521 est.

164 3560 287 3651 Atque
306 3564 342 3630 in
360 3564 420 3632 illo
442 3566 530 3632 mire
554 3567 730 3633 consentit
749 3566 977 3656 tranquillum
996 3565 1063 3634 hoo
1083 3565 1211 3636 Poeta-

164 3701 241 3745 rum
256 3701 367 3769 geuus
380 3703 461 3748 cum
473 3690 617 3749 actuoso
632 3681 692 3749 illo
707 3692 743 3750 et
756 3681 956 3760 Homerico,
966 3673 1210 3771 quod‘utrum-

165 3818 232 3884 que
248 3795 411 3864 videlicet
424 3796 553 3865 eximie
559 3799 661 3887 juvat
675 3800 802 3866 artium
817 3799 1054 3866 veneticorum
1064 3802 1210 3879 mentio,

164 3912 223 3979 sed
243 3913 288 3979 ob
306 3912 459 3981 diversas
481 3912 583 4003 plane
602 3937 744 3982 causas:
776 3915 972 3982 Homericis
989 3914 1075 3981 belli
1093 3915 1209 4006 placet

164 4029 290 4118 imago,
309 4028 511 4120 Virgilianis
538 4029 713 4119 sylvarum
740 4054 780 4098 ao
807 4030 991 4098 {luminum
1020 4031 1208 4124 indagatio,

165 4153 200 4210 ct
220 4168 339 4212 cursus
357 4167 419 4233 per
437 4147 514 4213 avia
531 4145 738 4215 liberrimus.

367 4332 378 4357 Ζ
392 4324 458 4377 AEu.
475 4340 514 4376 10.
530 4338 543 4393 7
565 4338 589 4394 7.
815 4337 829 4365 a
841 4327 905 4379 ltid.
919 4344 959 4380 12.
975 4341 1007 4396 74
1009 4347 1035 4397 ).
