2768 4876
182 307 247 369 548
373 309 496 372 Manita
511 309 599 394 αραιί
611 308 790 374 Pindarum
805 307 984 377 obscuriora.
1029 337 1230 384 comantur⁴

324 466 359 535 μὴ
371 465 457 535 παρίει
469 467 543 519 καλό·
563 468 634 536 νώμα
646 467 734 541 δικαίῳ
742 468 859 542 πηδαλίῳ
872 471 993 540 στρατόν·
1006 469 1119 540 ἀψευδεῖ
1128 473 1157 527 δὲ
1168 477 1231 546 πρὸς

358 551 448 620 δκμονι
459 552 571 620 χάλκευε
581 554 719 623 γλῶσσαν·

322 634 347 691 εί
356 659 382 690 τι
392 636 433 689 καί
445 638 567 707 φλαῦρον
577 631 761 708 παραιθόσσει,
773 639 840 711 μέγα
851 659 891 694 τοι
903 640 1011 712 φέρεται

322 723 376 793 πὰρ
392 721 477 776 σέθεν·
494 725 602 777 πολλῶν
616 723 707 793 ταμίας
722 725 794 780 έσσί·
813 728 910 781 πολλοὶ
927 726 1056 798 μαρτυρες
1072 729 1230 802 ἀμφοτέροις

355 830 454 862 πιστοί.

178 912 366 1006 Deinceps,
398 915 493 1006 quod
522 917 696 1008 praecipue
726 920 864 1000 mirere,
894 922 1101 1014 perstringit
1131 923 1226 1014 quasi

179 1029 336 1119 sumptui
354 1037 566 1120 parcentem,
584 1054 649 1101 neo
667 1039 763 1102 tecte
780 1032 866 1102 illud
887 1035 1040 1125 quidem.

320 1163 420 1217 εὐανθεῖ
431 1163 453 1218 δ’
466 1164 494 1218 έν
506 1165 572 1236 ὀργᾷ
583 1166 726 1236 παρμένων,

318 1248 389 1319 είπερ
407 1272 432 1303 τι
449 1252 537 1321 φιλεῖς
551 1250 639 1307 ὀστῶν
656 1252 735 1306 ἀκοὰν
749 1253 837 1308 ἁδεῖαν
849 1254 889 1308 ἀεὶ
905 1252 999 1318 κλύειν,
1018 1255 1053 1325 μὴ
1074 1256 1153 1326 κάμνε
1167 1256 1227 1310 λίαν

355 1335 486 1399 δαπάναις,

319 1421 382 1489 ἐξίει
394 1420 416 1475 δ’
429 1423 519 1492 ὥσπερ
531 1424 686 1494 κυβερνάτας
697 1423 760 1494 ἀνὴρ

316 1505 402 1562 ’ίστιον
416 1507 529 1577 ἀνεμόεν·
554 1509 589 1577 μὴ
608 1509 735 1578 δολωθῇς,
757 1509 777 1563 δν
796 1509 884 1580 φίλος,
905 1509 1076 1580 εὐτραπέλοις
1094 1508 1226 1584 κέρδεσσ’·

352 1592 544 1663 ὀπιθόμβροτον
555 1598 657 1665 αὔχημα
669 1596 747 1664 δόξας

318 1675 373 1733 olon
384 1680 561 1750 ἀποιχομένων
572 1681 672 1751 ἀνδρῶν
684 1682 782 1736 διαίταν
792 1680 881 1750 μανύει

315 1765 356 1818 καὶ
368 1765 468 1835 λογίοις
479 1764 521 1818 καί
533 1765 636 1822 ἀοιδοῖς·

314 1851 345 1904 οὐ
356 1850 443 1921 φθίνει
455 1850 571 1920 Κροίσου
582 1851 724 1922 φιλόφρων
735 1851 822 1922 ἀρετά.

172 1951 280 2023 Dicat
305 1953 441 2045 aliquis,
468 1954 590 2025 lusisse
615 1955 824 2047 plerumque
846 1952 999 2048 Lyrioos,
1021 1951 1121 2026 nulla
1144 1952 1224 2027 reli-

171 2070 286 2161 gione,
304 2069 342 2138 in
359 2070 531 2161 ejusmodi
554 2069 720 2163 largitate
741 2069 970 2140 celebranda:
1000 2093 1130 2162 nempe
1148 2095 1225 2141 mo·

171 2205 246 2253 rem
273 2182 373 2255 illum
401 2206 476 2254 esse
504 2185 668 2254 omnibus
695 2186 791 2253 omni
818 2193 979 2276 tempore
1006 2187 1220 2256 cantoribus.

173 2295 321 2367 Fateor:
348 2305 385 2367 at
407 2297 572 2368 libertate
598 2307 719 2368 tamen
742 2298 812 2367 frui
836 2298 987 2367 dixerim
1013 2321 1085 2368 non
1109 2301 1222 2371 medi-

171 2413 252 2493 ocri,
271 2414 331 2504 qui
349 2437 469 2505 regem
488 2436 630 2485 suarum
653 2436 771 2483 rerum
793 2412 957 2482 columen
984 2436 1055 2482 non
1080 2423 1220 2485 metuat

172 2528 249 2596 istis
266 2528 421 2620 aggredi.

219 2642 404 2713 Hactenus
431 2644 474 2713 de
505 2645 635 2737 apertis
670 2654 707 2714 et
740 2645 887 2712 minime
917 2645 1116 2736 ambiguis:
1157 2646 1216 2714 sed

168 2757 283 2827 multo
311 2768 393 2828 sunt
418 2759 520 2850 plura
537 2761 579 2849 (si
597 2760 812 2830 credendum
831 2760 1042 2829 doctissimis
1068 2759 1220 2829 homini·

169 2873 261 2964 bus,)
280 2898 356 2965 quae
380 2881 507 2966 tegunt
530 2873 716 2970 παρρησίαν
738 2875 835 2943 illam
853 2875 951 2964 quasi
970 2872 1057 2943 velis
1075 2875 1219 2965 quibus·

169 2992 250 3059 dam
273 2998 310 3058 et
332 2990 541 3073 involucris3
567 2990 707 3060 selectis
727 2989 890 3059 videlicet
917 3011 962 3058 ex
990 2990 1087 3057 omni
1110 3012 1219 3060 anna·

167 3105 253 3174 lium
272 3107 452 3187 memoria,
463 3115 504 3176 ut
518 3129 669 3197 quaeque
683 3105 894 3175 videbantur
907 3106 951 3174 ad
966 3115 1217 3198 argumentum

166 3222 329 3290 canninis
352 3222 522 3313 cujusque
544 3221 705 3312 proxime
728 3221 906 3290 accedere.
958 3218 1073 3290 Verbi
1089 3221 1216 3312 gratia,

164 3335 414 3406 Telesicratem
441 3336 596 3418 laudans,
619 3336 827 3428 Cyrenaeum
847 3336 1031 3427 juvenem,
1052 3341 1095 3402 ut
1119 3336 1217 3404 vide·

166 3464 233 3530 tur,
253 3450 297 3518 de
314 3452 597 3542 protervioribus,
613 3459 710 3520 totus
728 3451 764 3519 in
779 3448 1027 3540 Epithalamiis
1044 3458 1214 3532 versatur,
1247 3542 1250 3546 Ι

165 3587 301 3634 amores
318 3564 498 3636 celebrans
518 3567 632 3657 primo
650 3565 804 3658 Cyrenes
823 3573 860 3634 et
879 3562 1066 3655 Apollinis,
1085 3564 1215 3634 deinde

163 3679 369 3750 Alexidami
394 3682 585 3772 cujusdam,
607 3683 668 3773 qui
694 3689 731 3750 et
756 3682 831 3772 ipse
857 3701 977 3749 cursor
1002 3679 1130 3762 fuerat,
1152 3702 1216 3772 pe-

165 3797 321 3888 dumque
346 3797 555 3888 pernicitate
582 3804 765 3888 paraverat
791 3796 857 3865 sibi
883 3795 1124 3865 conditionem
1150 3794 1215 3865 ho·

163 3911 408 3995 nestissimam,
427 3910 632 3984 Nomadum
651 3913 743 4004 regis
761 3911 903 3981 liliam0.

269 4039 335 4094 οὕτω
347 4039 370 4094 δ’
383 4039 468 4094 ε’δίδου
480 4039 560 4105 Λίβυς
571 4039 689 4110 ἁρμόζων
701 4042 763 4109 κόρᾳ

272 4127 384 4197 νυμφίον
401 4126 489 4196 ἄνδρα·
515 4127 575 4180 ποτὶ
596 4128 701 4198 γραμμᾷ
720 4126 768 4194 μὲν
788 4125 866 4182 αὐτόν
888 4127 972 4180 στᾶσε
994 4123 1149 4193 κοσμήσαις,
1169 4124 1211 4179 τέ-

268 4267 273 4274 ,
303 4215 349 4270 λος
361 4213 439 4283 ἔμμεν
451 4213 536 4282 ἄκρον,

572 4350 586 4378 ⁰
599 4341 677 4410 Pyra.
691 4357 717 4410 9.
732 4339 792 4395 206.
