2768 4876
125 213 190 278 730
224 210 355 295 Vtrytlto
369 231 428 273 aon
443 210 548 274 manat
555 211 691 294 pietarae
704 210 780 273 eatis
787 209 945 294 parsaotae.
963 229 1178 271 ranaxxxvr.

269 377 384 430 Miratur
395 394 490 430 nemus
503 377 648 439 insuetum,
660 376 791 445 fulgentia
801 377 882 446 longe

269 462 351 517 Scuta
363 464 460 526 virum,
470 463 552 516 fluvio
565 463 701 533 pictasque
713 463 805 515 innare
818 461 929 516 carinas.

269 550 323 603 Olli
335 551 446 620 remigio
458 559 617 621 noctemque
629 548 753 620 diemque
764 549 886 619 fatigant,

267 635 303 688 Et
314 637 410 706 longos
423 645 550 706 superant
561 636 655 699 flexus,
668 636 801 707 variisque
812 643 940 706 tegtmtnr

264 721 422 785 Arboribus,
435 721 584 794 viridesque
597 728 687 775 secant
699 721 803 790 placido
815 739 920 793 aequore
932 722 1029 791 sylvas.

176 836 375 919 Videtisne,
394 861 463 907 non
483 839 611 907 cursim
630 838 736 907 modo
754 838 852 929 tangi
869 837 994 907 aestiva
1011 832 1073 903 illa
1088 856 1173 925 gau-

126 952 192 1033 dia,
211 954 271 1021 sed
295 953 463 1022 inhaerere
488 954 524 1021 in
546 953 588 1022 iis
607 951 767 1033 Poetam,
784 975 851 1021 nec
875 950 978 1021 facile
1004 951 1042 1018 in
1063 948 1174 1017 aoiem

125 1075 162 1135 et
180 1067 216 1134 in
234 1066 488 1158 rempublicam
508 1065 688 1136 revocari?

177 1181 271 1250 Illud
296 1183 404 1250 etiam
427 1182 598 1250 eximium
624 1181 756 1251 habent
774 1205 816 1250 ea
833 1181 998 1261 carmina,
1016 1180 1111 1271 quod
1137 1187 1173 1245 et

124 1296 262 1390 singula
280 1296 515 1388 pulcherrima
532 1306 625 1378 sunt,
644 1304 681 1366 et
702 1296 939 1388 pulcherrime
956 1295 1172 1364 conveniunt

124 1413 160 1480 in
178 1435 282 1480 unam
303 1411 401 1501 quasi
422 1411 607 1502 picturam.
653 1409 840 1480 Falluntur
856 1410 986 1501 itaque,
998 1409 1059 1500 qui
1079 1418 1173 1478 vete-

123 1527 219 1596 ribus
240 1549 318 1595 eam
344 1525 484 1595 laudem
511 1526 699 1619 denegant.
751 1524 868 1595 Immo
891 1549 937 1596 ne
960 1525 1100 1618 longius
1117 1547 1172 1594 ea-

125 1665 214 1725 mus,
232 1643 308 1733 ipso
334 1642 458 1711 harum
487 1640 693 1713 Latinarum
720 1664 837 1712 rerum
864 1641 1010 1711 exordio
1036 1641 1170 1733 insigne

123 1758 275 1828 habetur
292 1757 367 1847 ejus
384 1755 589 1848 exemplum
601 1765 624 1825 f.

263 1884 307 1938 Tu
318 1901 424 1955 quoque
435 1884 570 1939 littoribus
583 1885 690 1948 nostris,
702 1884 799 1939 AEneia
811 1885 909 1946 nutrix,

263 1970 403 2023 AEtemam
415 1970 650 2034 moriens'famam,
666 1970 763 2033 Caieta,
778 1969 889 2023 dedisti:

263 2055 299 2108 Et
310 2072 383 2107 nunc
396 2063 483 2108 servat
494 2055 581 2109 honos
593 2055 683 2109 sedem
695 2063 768 2119 tuus,
781 2072 894 2126 ossaque
906 2072 1006 2108 nomen

265 2141 394 2210 Hesperia
405 2141 434 2194 in
446 2159 552 2212 magna,
566 2142 642 2212 siqua
653 2149 693 2195 est
705 2159 736 2194 ea
747 2141 839 2211 gloria,
853 2141 969 2211 signant.

262 2227 299 2279 At
311 2227 371 2295 pius
384 2227 515 2297 exsequiis
528 2228 628 2282 AEneas
642 2227 691 2281 rite
703 2228 806 2291 solutis,

263 2313 368 2382 Aggere
381 2313 528 2382 composito
539 2314 646 2376 tumuli,
659 2320 800 2385 postquam
812 2314 865 2366 alta
876 2313 1002 2383 quierunt

263 2399 393 2469 AEquora,
403 2399 488 2452 tendit
499 2399 549 2454 iter
560 2400 634 2463 velis,
646 2407 806 2471 portumque
818 2399 952 2471 relinquit.

263 2485 391 2554 Aspirant
403 2503 475 2539 aurae
487 2486 515 2538 in
528 2494 649 2539 noctem:
668 2503 717 2539 nec
731 2484 843 2539 candida
855 2503 964 2539 cursum

263 2572 339 2625 Luna
351 2581 446 2642 negat:
467 2572 587 2641 splendet
599 2574 713 2626 tremulo
726 2573 776 2626 sub
789 2572 890 2626 lumine
901 2580 1011 2642 pontus.

262 2658 388 2712 Proxima
401 2659 509 2713 Circaeae
521 2659 653 2712 raduntur
664 2660 753 2712 littora
764 2669 850 2722 terrae,

263 2745 340 2798 Divis
352 2746 501 2799 inaccessos
513 2746 560 2799 ubi
574 2745 643 2799 Solis
656 2745 709 2798 filia
720 2745 803 2815 lucos:

261 2831 379 2884 Assiduo
391 2840 497 2884 resonat
509 2841 598 2895 cantu,
611 2832 740 2903 tectisque
753 2832 873 2901 superbis

261 2918 324 2971 Urit
336 2918 473 2971 odoratam
486 2928 618 2972 nocturna
629 2920 658 2971 in
669 2919 772 2972 lumina
784 2919 903 2980 cedrum,

261 3001 366 3071 Arguto
379 3011 470 3055 tenues
484 3021 639 3071 percurrens
651 3005 754 3073 pectine
767 3005 840 3057 telas.

171 3112 355 3196 Quaenam,
375 3114 528 3197 obsecro,
547 3138 626 3207 pars
644 3117 726 3186 hinc
744 3116 844 3186 abest
862 3117 1076 3186 suavissimae
1093 3140 1169 3209 per-

121 3229 389 3320 fectissimaeque
406 3231 575 3323 picturae?
615 3231 671 3300 En
689 3232 854 3301 funereus
871 3230 993 3323 procul
1011 3232 1047 3299 in
1066 3231 1168 3302 litore

121 3343 300 3413 tumulus!
341 3369 386 3414 en
420 3347 559 3438 navigia
593 3346 710 3416 delata
751 3356 923 3417 nocturno
960 3345 1169 3438 placidoque

119 3457 228 3526 mari!
259 3482 303 3526 en
321 3460 542 3551 plenissimus
562 3461 674 3530 Lunae
692 3462 803 3531 orbis!
842 3461 901 3530 Ex
919 3460 1031 3531 altera
1047 3472 1168 3532 autem

119 3582 219 3662 parte
242 3586 420 3667 praempta
444 3599 536 3655 saxa,
563 3599 687 3646 nemus
709 3579 857 3659 invium,
879 3578 1053 3647 fumantia
1077 3578 1167 3647 villae

119 3685 283 3758 culmina.
324 3690 381 3760 Ac
399 3691 516 3760 nescio
535 3715 579 3760 an
597 3693 634 3760 hi
653 3693 722 3763 dno
741 3693 821 3762 libri
839 3694 1031 3763 crebriores
1049 3692 1166 3784 paullo

119 3801 272 3872 habeant
290 3806 462 3896 ejusmodi
488 3807 680 3900 imagines:
707 3810 804 3898 quasi
824 3830 932 3901 prope
951 3810 1027 3900 jam
1046 3809 1166 3877 adesse

119 3917 247 3984 sentiat
278 3917 436 4010 Scriptor
470 3920 582 3989 aciem
614 3930 651 3990 et
682 3946 778 3992 arma
808 3935 844 3992 et
880 3924 1048 3993 molestos
1082 3923 1164 3992 belli

118 4030 295 4119 strepitus,
322 4055 434 4124 eoque
457 4033 625 4106 libentius
653 4047 891 4106 commoretur
917 4039 953 4105 in
976 4037 1163 4129 tranquillo

555 4213 684 4282 Ἔπη.
701 4231 723 4266 1.
