2768 4876
163 312 227 378 470
259 311 394 390 Quocum
406 311 440 374 io
451 332 557 396 911111
566 311 691 375 Pcdcri
701 312 810 377 melius
821 313 1002 378 consumtor.
1023 335 1119 377 11111.
1126 337 1217 378 xxiv.

216 481 335 551 Venio
357 482 432 572 jam
459 485 505 553 ad
530 483 677 554 alteram
705 508 791 567 rem,
813 507 919 577 quam
945 487 982 554 in
1008 508 1114 556 causa
1139 508 1217 557 esse

166 598 338 680 dicebam,
356 621 419 667 cur
436 599 481 667 de
500 598 706 691 Lyricorum
728 600 848 670 indole
868 601 986 670 minus
1006 601 1217 693 expeditum

163 712 372 804 plerumque
405 721 498 783 esset
522 715 718 805 judicium:
758 738 835 805 qnae
865 717 1009 806 ponitur
1038 716 1075 783 in
1107 716 1217 807 ipsius

166 827 317 898 Poeseos
340 837 475 897 1111111.
529 829 720 910 Nimirum,
738 831 774 898 id
793 831 886 920 quod
905 853 1028 900 vereor
1049 831 1215 922 equidem

166 966 210 1012 ne
230 944 305 1033 jam
330 943 374 1011 ad
398 944 579 1013 fastidium
597 967 707 1036 usque
724 946 960 1037 repetiverim,
978 969 1107 1040 magna
1126 945 1216 1016 Poe-

166 1081 243 1128 seos
260 1081 340 1150 pars
357 1059 393 1126 in
412 1082 454 1128 eo
473 1061 631 1141 vertitur,
650 1070 691 1130 ut
708 1061 801 1130 intra
825 1061 1007 1152 penetrale
1025 1062 1215 1152 quoddam,

166 1174 245 1243 velo
263 1175 482 1264 interposito,
500 1175 682 1265 profundae
699 1186 736 1244 et
753 1177 887 1244 intimae
904 1176 1096 1246 Poetarum
1117 1200 1216 1245 men-

166 1303 220 1362 tes
250 1314 321 1360 non
355 1290 490 1361 lateant
521 1290 592 1361 illae
619 1293 773 1382 quidem,
804 1301 962 1384 apertam
990 1302 1112 1363 tamen
1141 1292 1217 1385 ple-

167 1430 319 1497 namque
345 1405 461 1475 lucem
485 1406 672 1498 refugiant.
724 1407 806 1476 Jam
825 1409 918 1498 apud
936 1407 1015 1478 illos
1033 1409 1093 1499 qui
1105 1409 1216 1498 justae

167 1521 295 1590 fabulae
329 1522 415 1590 dant
450 1544 604 1613 operam,
636 1521 860 1591 Dramaticos
895 1523 973 1591 dico
1008 1532 1045 1592 et
1075 1520 1215 1613 Epicos

167 1637 295 1706 videtis
312 1637 420 1728 ipsius
438 1637 623 1706 scribentis
648 1658 832 1726 personam
855 1660 1036 1707 removere
1057 1659 1095 1706 se
1121 1635 1216 1704 ultro

167 1760 275 1843 atque
300 1753 336 1820 in
357 1753 520 1820 umbram
542 1753 717 1820 recedere.
770 1751 1003 1835 Proferuntur
1019 1753 1215 1834 sententiae,

166 1861 419 1961 fiuntljudicia,
438 1865 627 1935 laudantur
643 1875 751 1957 atque
772 1867 1018 1958 improbantur
1041 1865 1215 1948 homines,

167 2005 238 2051 non
262 2006 308 2052 ex
331 1983 479 2051 Homeri
497 1981 553 2050 vel
573 1980 746 2073 AEschyli,
764 2005 887 2051 verum
911 2004 957 2051 ex
978 1979 1130 2051 Achillis
1153 1992 1216 2051 aut

169 2098 373 2168 Promethei
390 2120 548 2190 persona.
583 2097 700 2166 Immo
714 2099 822 2167 etiam
839 2097 905 2167 hac
921 2098 978 2167 via
995 2097 1060 2168 sibi
1076 2097 1215 2166 exitum

168 2215 429 2305 quodammodo
451 2215 636 2282 inveniunt
661 2212 813 2282 latentes
836 2214 1034 2282 animorum
1057 2212 1216 2297 affectus,

168 2352 209 2398 11
235 2352 337 2420 paene
363 2328 586 2410 sacrosancti,
608 2327 729 2418 quales
755 2328 890 2396 directo
916 2349 1077 2408 sermone
1103 2326 1218 2417 expli-

169 2469 248 2514 care
281 2445 495 2537 religiosum,
525 2445 554 2512 si
588 2444 672 2533 quid
707 2442 813 2524 aliud,
848 2466 889 2512 11
922 2445 1074 2512 vetitum
1109 2443 1214 2512 foret.

170 2560 232 2630 Sin
259 2584 322 2651 per
344 2560 453 2630 alium
471 2581 535 2628 sua
550 2560 627 2649 quis
645 2559 749 2638 dicat,
764 2557 868 2628 simul
893 2567 929 2628 et
953 2559 1078 2650 pudori
1104 2558 1217 2648 parci-

168 2686 236 2757 tur,
254 2686 291 2746 et
308 2675 480 2745 laboranti
497 2674 673 2767 plenoque
690 2675 822 2765 pectori
843 2673 1047 2743 consulitur.

167 2791 169 2795 ’
220 2791 307 2860 Non
332 2789 437 2859 aliam
454 2789 602 2858 fortasse
620 2788 665 2857 ob
683 2810 824 2857 causam
843 2788 972 2868 evenit,
990 2796 1031 2856 ut
1057 2786 1217 2878 plerique

170 2926 292 2972 eorum
311 2904 370 2994 qui
392 2903 547 2972 carmina
564 2910 695 2970 canunt
713 2903 885 2984 funebria,
902 2901 1020 2970 nescio
1038 2923 1124 2990 quas
1150 2900 1216 2969 sibi

171 3026 328 3107 quaerant
344 3018 520 3109 ambages,
538 3017 671 3086 vocatis
696 3017 733 3085 in
760 3016 958 3108 lugentium
979 3024 1096 3105 partes
1113 3015 1216 3092 fictis,

171 3132 199 3200 si
217 3155 272 3201 res
288 3132 340 3201 ita
356 3131 488 3213 tulerit,
508 3130 695 3200 Pastorum
722 3131 888 3222 personis.
940 3129 995 3198 Ea
1016 3129 1116 3209 ratio,
1134 3153 1217 3198 cum

171 3269 192 3314 1
214 3248 426 3338 gravissimis
449 3246 662 3328 auctoribus,
681 3242 869 3315 Theocrito
886 3268 927 3314 ac
945 3244 1108 3336 Virgilio,
1127 3246 1219 3314 dux-

172 3362 239 3430 erit
264 3363 417 3443 initium,
441 3385 592 3452 cumque
618 3386 639 3432 a
664 3360 839 3453 Spensero
864 3370 984 3430 nostro
1010 3383 1081 3430 non
1107 3361 1217 3431 semel

173 3477 279 3545 fuerit
305 3477 471 3558 adbibita,
503 3500 575 3545 non
605 3477 748 3546 omnino
779 3477 959 3546 contemni
985 3476 1115 3546 debet:
1151 3476 1218 3544 etsi

172 3594 318 3661 minime
348 3594 559 3685 negaverim,
591 3595 724 3685 cepisse
752 3616 828 3661 eam
860 3595 981 3684 inepte
1008 3616 1049 3662 ac
1079 3614 1220 3682 prorsus

172 3709 265 3777 male
292 3708 411 3777 turbas
437 3708 683 3778 recentiorum.
735 3708 892 3779 Videtur
911 3718 1032 3778 autem
1051 3732 1093 3777 11
1112 3709 1221 3800 potis-

174 3826 301 3895 simum
327 3833 495 3916 spectare,
514 3833 555 3893 ut
572 3825 749 3916 permulta
767 3824 925 3894 effundat
949 3825 1084 3915 aliquis,
1103 3834 1221 3894 tectus

173 3938 364 4029 Allegoriae
385 3939 566 4028 cujusdam
585 3940 683 4029 quasi
701 3939 799 4008 tenni
819 3938 908 4021 velo,
928 3962 1008 4029 quae
1033 3936 1132 4006 nullo
1156 3961 1222 4006 un-

175 4077 280 4145 quam
297 4062 457 4144 tempore
475 4055 646 4124 sustineat
672 4056 767 4123 idem
793 4053 910 4144 palam
928 4063 965 4123 et
982 4062 1105 4145 aperte
1131 4076 1222 4145 prae-

176 4171 309 4239 dicare:
339 4177 380 4238 ut
407 4169 607 4251 Meliboeus,
632 4171 727 4240 verbi
754 4193 869 4253 causa,
895 4170 1005 4240 libere
1030 4193 1072 4240 11
1098 4191 1221 4239 securo

176 4294 343 4377 queratur
359 4293 498 4376 ereptos
516 4309 626 4378 agros,
645 4288 798 4356 militum
817 4287 1008 4382 licentiam,
1025 4287 1133 4379 ipsius
1147 4287 1222 4355 Oae-
