2768 4876
163 355 258 394 rnen.
271 311 386 395 xnvsn.
434 332 616 396 Desiderari
631 332 741 398 Fontes
754 331 816 414 ey'ets
832 332 965 393 Poceeos.
1148 327 1212 392 563

163 506 337 595 ejusmodi
364 505 504 586 indicia,
532 527 596 595 per
616 527 696 594 quae
722 503 878 572 maxime
907 501 1075 571 declarari
1101 499 1213 571 soleat

98 696 100 701 ,
162 621 284 689 nativa
311 620 373 690 illa
404 643 503 702 vena,
530 643 571 689 ac
597 620 649 688 vis
676 618 846 702 Poeseos:
882 616 1019 697 deinde,
1047 617 1076 685 si
1106 638 1214 709 negas

164 732 378 803 Primarium
399 756 480 804 eum
508 742 604 804 recte
629 732 808 825 appellari,
827 732 1029 813 videndum,
1047 754 1117 823 quo
1135 739 1214 800 tan-

163 849 245 918 dem
267 851 416 920 redeant
438 849 569 930 laudes,
588 849 716 939 quibus
741 848 834 918 idem
858 848 1016 916 omnium
1040 870 1213 917 consensu

163 974 319 1036 ornatur.
382 965 487 1048 Quod
515 967 541 1034 si
575 987 690 1056 neque
720 963 968 1055 indagantibus
993 960 1213 1053 apparebunt

164 1078 222 1149 nlli
253 1082 353 1171 quasi
380 1081 496 1150 fontes
522 1081 597 1171 ejus
624 1079 786 1161 poeseos,
810 1102 926 1169 neque
954 1100 1036 1147 vero
1064 1078 1213 1146 deemnt

164 1197 318 1265 rationes
335 1197 420 1264 satis
444 1197 590 1278 idoneae,
608 1218 671 1264 cur
695 1195 731 1262 in
757 1194 890 1262 honore
908 1203 1010 1262 tanto
1031 1191 1213 1274 habeatur,

166 1311 230 1378 etsi
255 1320 376 1380 careat
394 1311 555 1380 Primarii
579 1311 743 1392 nomi11e3
770 1308 858 1377 nihil
877 1318 917 1378 ut
935 1310 1060 1400 opinor
1077 1308 1213 1377 vetabit

164 1427 246 1516 poni
273 1449 356 1495 eum
383 1427 420 1494 in
446 1449 568 1495 eomm
595 1448 712 1508 censu,
735 1426 795 1516 qui
818 1437 981 1495 nontam
1005 1424 1038 1493 vi
1061 1424 1213 1514 quadam

166 1540 324 1623 Naturae,
351 1565 457 1633 quam
484 1542 650 1634 singulari
676 1542 824 1612 artificio
845 1549 882 1612 et
900 1542 1069 1620 doctrina,
1089 1539 1212 1610 Poetae

164 1658 383 1750 prodierunt.

212 1770 271 1841 Ac
289 1772 456 1865 primum,
474 1781 516 1841 ut
533 1773 569 1841 id
587 1773 681 1864 quod
700 1794 821 1841 verum
840 1782 894 1842 est
916 1773 1070 1865 ingenue
1091 1771 1214 1853 fatear,

165 1889 324 1957 nondum
355 1888 444 1957 mihi
475 1888 679 1981 diligentius
709 1887 906 1980 perlegenti
937 1889 1098 1967 occurrit,
1120 1886 1213 1977 quis-

164 2025 244 2091 nam
264 2004 360 2096 apud
379 2002 592 2096 Sophoclem
619 2003 729 2073 lateat
747 2003 927 2071 obscurior
944 2024 1074 2084 senona,
1093 2010 1130 2070 et
1147 2001 1213 2069 dif-

164 2119 263 2196 fusus
281 2120 542 2212 quodammodo
564 2141 668 2211 sapor
690 2118 727 2187 in
751 2120 847 2187 omni
872 2119 947 2210 ejus
966 2117 1117 2188 Poeseos
1138 2140 1214 2186 cor-

163 2257 259 2328 pore.
313 2233 371 2304 Ex
396 2257 466 2325 quo
493 2234 648 2304 dubitari
676 2257 818 2304 necesse
848 2243 913 2317 est,
940 2257 985 2304 an
1013 2243 1113 2303 extet
1139 2256 1214 2301 om-

164 2349 248 2418 nino
268 2349 365 2440 apud
389 2371 472 2418 eum
496 2347 567 2417 tale
592 2348 734 2444 aliquid.
789 2347 873 2417 Non
891 2371 962 2440 quo
979 2349 1148 2441 ignorem,
1167 2369 1214 2418 ex

152 2485 271 2546 ¹sensu
296 2462 525 2555 singulomm.
541 2461 737 2555 legentium
759 2464 819 2534 vix
846 2465 922 2554 capi
949 2486 1050 2555 posse
1076 2463 1214 2553 conjec-

165 2587 282 2648 turam
318 2579 363 2647 de
397 2578 560 2647 universa
594 2578 778 2648 scribentis
807 2578 936 2650 indole.
994 2578 1083 2661 Quis
1116 2577 1213 2648 enim

165 2715 256 2762 unus
268 2692 382 2783 judex
400 2694 444 2761 ad
463 2693 605 2784 ingenia
622 2701 696 2762 tam
715 2694 810 2763 varia
826 2701 882 2763 tot
899 2716 1107 2786 magnorum
1124 2692 1214 2763 Poe-

164 2820 281 2880 tarum
307 2807 481 2879 suffioiat?
533 2809 590 2878 Ao
608 2807 715 2877 velim
742 2809 906 2900 equidem
928 2808 1063 2878 felicior
1088 2807 1213 2902 aliquis

165 2924 201 2993 in
232 2915 313 2995 eam
340 2923 532 3016 aliquando
563 2946 688 2993 venam
719 2925 862 3006 incidat,
893 2948 970 3016 quae
1004 2947 1068 2994 nos
1097 2924 1213 2994 adhuc

166 3037 290 3109 sedulo
316 3047 514 3130 quaerentes
539 3039 654 3109 latuit.
718 3038 811 3108 Mihi
838 3050 935 3109 certe
960 3049 1101 3132 gratum
1126 3062 1213 3110 ⁴cum

165 3153 287 3248 primis
321 3162 578 3246 acceptumque
608 3154 711 3226 foret.
768 3154 857 3237 Quis
884 3157 979 3224 enim
1014 3177 1085 3222 non
1116 3154 1213 3223 lucro

165 3277 319 3361 apponat
336 3267 503 3359 quicquid
520 3292 676 3359 unquam
702 3269 739 3339 in
765 3267 881 3340 lucem
908 3270 1037 3360 poterit
1065 3269 1140 3339 erui
1168 3271 1213 3340 de

166 3385 280 3454 causis
305 3382 455 3453 laudatae
482 3383 644 3468 Poeseos,
664 3385 708 3456 de
731 3385 865 3456 arcanis
891 3408 1097 3480 magnorum
1122 3386 1213 3458 viro-

166 3498 268 3572 rum?

215 3615 322 3698 Quod
347 3622 468 3683 autem
490 3616 550 3682 vix
577 3616 796 3696 crediderim,
815 3617 890 3688 fore
914 3625 955 3687 ut
981 3617 1017 3686 in
1036 3616 1211 3707 Sophocle

165 3738 284 3798 nostro
311 3728 414 3798 facile
439 3729 585 3821 indaget
611 3728 736 3823 aliquis
764 3730 935 3821 ejusmodi
960 3731 1094 3811 fontes3
1122 3730 1212 3802 desi-

166 3843 249 3912 dero
265 3844 430 3936 equidem
443 3844 607 3916 ardentes
620 3843 709 3929 illos,
724 3846 888 3937 ultroque
906 3848 943 3916 in
961 3846 1077 3918 lucem
1095 3867 1212 3919 erum·

166 3968 298 4050 pentes¹
316 3960 514 4031 animorum
539 3970 764 4040 mutuatum
790 3959 827 4034 in
850 3962 996 4034 choricis
1022 3962 1107 4051 ejus,
1132 3969 1210 4032 tum

167 4056 201 4145 in
227 4075 468 4168 disputatione
496 4082 533 4146 et
561 4074 710 4168 dialogo.
763 4077 959 4151 Videamus
984 4076 1069 4171 quid
1095 4076 1212 4150 valeat

167 4188 201 4258 in
217 4191 289 4260 illis
305 4170 403 4271 locis,
422 4211 571 4281 quorum
593 4188 683 4258 solet
702 4214 777 4261 esse
794 4192 950 4261 maxima
968 4191 1028 4272 vis,
1046 4191 1151 4282 pleno
1169 4214 1211 4261 ao

168 4304 315 4379 ferventi
339 4313 493 4400 pectore.
547 4303 742 4376 Versantur
758 4307 808 4381 illi
828 4308 956 4402 partim
974 4308 1011 4378 in
1027 4306 1212 4380 affectibus

643 4427 745 4492 002
