2768 4876
163 354 252 394 rann.
263 353 375 394 xxxvr.
411 331 477 394 Cor
491 327 567 392 dello
582 327 687 405 oderit,
704 329 812 391 Romae
826 328 1060 391 amantissimos.
1142 328 1204 392 735

164 500 299 570 obstare
315 507 352 568 et
369 497 520 576 officere,
538 519 642 587 quam
667 494 824 564 Martem
846 505 954 585 atque
975 516 1081 562 arma.
1132 490 1206 560 Au-

163 616 233 683 dite
251 613 358 683 modo
375 611 635 682 exclamantem
647 606 666 691 f,

618 739 671 793 Tot
682 740 751 793 bella
762 755 809 808 per
820 737 921 800 orbem,

301 829 369 882 Tam
380 829 472 882 multae
485 829 614 881 scelerum
625 826 721 879 facies:
741 842 797 878 non
808 825 880 878 ullus
892 832 979 877 aratro

302 916 409 985 Dignus
422 907 527 968 honos:
546 914 668 984 squalent
681 911 802 966 abductis
815 929 878 964 arva
889 912 999 974 colonis,

301 1002 336 1056 Et
348 1018 437 1056 curvae
448 1000 566 1070 rigidum
577 1001 659 1054 falces
672 998 822 1052 conflantur
833 998 861 1050 in
874 1015 976 1051 ensem.

210 1125 313 1195 Idem
339 1124 460 1215 paucis
486 1131 569 1193 ante
593 1122 749 1191 versibus
774 1144 844 1212 prae
871 1143 908 1190 se
934 1118 1065 1188 tulerat
1091 1120 1208 1190 exsul-

163 1242 268 1310 tantis
282 1240 450 1332 speciem,
467 1262 548 1308 cum
566 1238 780 1330 praediceret,
799 1237 874 1305 fore
891 1244 932 1304 ut
949 1236 1078 1305 iterum
1095 1236 1208 1305 domi-

163 1365 289 1425 nentur
319 1357 355 1424 in
387 1377 511 1445 campo
542 1353 759 1445 Philippensi
789 1351 887 1421 nulla
917 1352 981 1421 nisi
1015 1353 1207 1444 agrestium

162 1482 294 1539 armass.

303 1589 408 1644 Scilicet
420 1598 446 1643 et
458 1597 564 1659 tempus
576 1589 672 1651 veniet,
682 1606 744 1642 cum
757 1587 855 1641 tinibus
867 1587 918 1640 illis

301 1677 434 1747 Agricola,
444 1676 555 1729 incurvo
567 1683 663 1728 terram
676 1675 785 1727 molitus
797 1682 892 1736 aratro,

301 1762 388 1816 Exesa
398 1762 514 1816 inveniet
526 1761 618 1815 scabra
630 1760 753 1830 rubigine
765 1760 826 1829 pila,

302 1850 337 1903 Et
349 1849 475 1920 gravibus
488 1849 578 1902 rastris
591 1850 678 1917 galeas
691 1847 807 1917 pulsabit
819 1847 919 1908 inanes,

303 1935 472 2006 Grandieque
484 1935 588 1988 effossis
600 1934 740 1987 mirabitur
752 1950 812 1986 ossa
825 1932 980 2001 sepulchris.

210 2057 317 2140 Quid,
336 2057 430 2146 quod
449 2054 627 2132 Melibaeo,
646 2053 809 2123 exsilium
829 2075 931 2121 suurn
951 2052 1157 2144 deploranti,
1172 2056 1208 2124 id

163 2194 233 2262 prae
251 2171 385 2240 caeteris
403 2171 576 2262 significat
594 2171 721 2239 durum
740 2169 813 2237 fore
838 2177 875 2237 et
901 2169 1095 2262 indignum,
1114 2171 1208 2260 quod

163 2288 197 2354 in
214 2285 445 2379 legionarium
464 2285 705 2376 nescioquem
733 2293 826 2354 sorte
852 2307 990 2354 cessura
1008 2286 1078 2355 sint
1100 2287 1208 2377 ipsius

164 2396 343 2491 praediaht

302 2533 404 2604 Impius
417 2533 475 2587 haec
487 2543 541 2587 tam
554 2535 625 2587 culta
636 2534 741 2587 novalia
753 2533 964 2588 mileshabebit?

302 2621 437 2675 Barbarus
449 2620 497 2674 has
511 2625 630 2689 segetes?
649 2620 692 2674 En
705 2637 758 2690 quo
771 2619 903 2674 discordia
915 2622 985 2675 cives

302 2707 430 2762 Perduxit
442 2708 568 2760 miseros!
589 2725 620 2759 en
635 2707 710 2777 queis
723 2711 892 2761 consevimus
904 2713 998 2778 agros!

164 2828 316 2900 Facilius
333 2830 592 2920 quodammodo
616 2829 751 2897 laturus
776 2837 860 2909 erat,
879 2828 947 2897 alio
965 2828 1088 2918 quovis
1114 2829 1212 2897 invo-

162 2944 258 3015 lante
280 2947 317 3014 in
339 2968 416 3015 eam
439 2946 713 3036 possessionem:
742 2967 811 3034 quo
829 2945 946 3013 animo
964 2944 1038 3012 fore
1056 2944 1212 3013 credide-

163 3061 302 3152 rimeos
319 3061 512 3151 pracsertim
530 3058 710 3152 agricolas,
721 3060 780 3148 qui
799 3082 864 3128 usu
879 3058 1087 3138 didicerunt,
1100 3058 1212 3149 qualis

163 3177 207 3245 sit
226 3184 422 3245 castrorum
442 3176 580 3244 vicinia.

212 3289 349 3360 Mirere
366 3313 459 3372 vero,
477 3291 513 3357 in
531 3289 674 3358 homine
692 3289 854 3358 Romano
871 3290 1038 3358 insedisse
1055 3297 1130 3357 tarn
1152 3311 1214 3380 pe-

163 3407 258 3476 nitus
280 3406 401 3476 odium
424 3406 475 3474 rei
498 3404 653 3475 bellicae:
682 3427 791 3495 quum
818 3405 1010 3495 praesertim
1036 3405 1110 3495 ipse
1128 3403 1213 3475 Vir-

162 3520 268 3614 gilius
282 3521 444 3590 Romano
464 3519 525 3588 illo
544 3520 669 3611 spiritu
687 3542 908 3610 nequaquam
926 3520 1086 3600 caruerit,
1098 3541 1213 3610 neque

163 3642 277 3704 cesset
300 3656 457 3724 unquam
481 3656 527 3702 ex
553 3634 671 3702 animo
698 3632 894 3723 triumphos
918 3655 1032 3726 agere,
1051 3632 1087 3700 in
1108 3631 1212 3701 solito

162 3749 224 3817 illc
236 3749 281 3818 de
294 3757 432 3840 septem
444 3749 590 3829 arcibus
603 3757 640 3817 et
654 3747 831 3817 debellato
845 3748 929 3816 crbe
941 3770 1085 3838 campo:
1103 3747 1213 3815 immo

163 3864 248 3933 locis
272 3863 461 3954 aliquando
483 3863 566 3933 satis
593 3863 716 3932 alienis
740 3864 958 3931 mentionem
976 3864 1051 3953 ejus
1068 3861 1215 3931 solerter

164 3979 336 4048 intulerit.
389 3978 553 4069 Exempli
571 3979 685 4070 gratia
697 3973 725 4047 i:

698 4096 797 4149 Omnia
811 4113 903 4149 secum

306 4183 491 4236 Armentarius
504 4182 569 4236 Afer
581 4183 644 4252 agit,
657 4191 810 4252 tectumque
823 4181 979 4252 Laremque,

200 4345 421 4414 fGeor9.1.505.
494 4344 660 4414 sibid.495.
732 4343 911 4412 hiscam.
984 4341 1100 4411 iGeory.
1115 4361 1141 4413 3.
1155 4363 1216 4416 344.
