2768 4876
134 320 356 375 Punmxxv.
370 309 460 396 quale
471 308 579 374 ludent
590 309 727 393 Physica
741 310 833 372 etium
846 318 874 372 ot
885 309 1112 373 Mathematicus.
1134 309 1194 375 'ill

124 479 315 572 religiosa
341 479 503 562 formido,
529 501 636 572 quam
669 479 720 548 ait
750 480 969 573 commisceri
1003 501 1083 548 cum
1116 479 1200 547 doc-

124 595 255 664 trinae
279 596 515 686 jucunditate,
545 595 613 664 nisi
638 596 720 685 quia
749 616 849 663 mens
877 592 970 663 ultro
1000 593 1065 662 sibi
1094 593 1196 685 fingit

123 708 338 779 obscuram
366 709 519 801 aliquam
546 719 654 801 atque
681 709 853 777 infinitam
881 710 962 788 vim,
988 730 1069 797 quae
1099 707 1196 775 omui

131 820 229 892 loco
247 847 289 894 ac
307 833 466 916 tempore
484 823 600 894 adsit?
626 822 708 893 Hoe
725 832 843 892 autem
859 823 987 913 ecquid
1004 823 1071 890 erit
1088 822 1195 904 aliud,

133 947 259 1029 atque
277 939 422 1009 obscure
440 963 481 1008 ac
499 939 651 1009 latenter
672 961 861 1032 agnoscere
878 937 1017 1008 Dauni?
1070 937 1195 1015 Duum,

141 1059 306 1147 inquam,
332 1057 443 1138 illurn,
469 1058 529 1148 qui
557 1078 612 1126 res
641 1056 825 1125 hominurn
851 1078 922 1124 non
945 1055 1085 1145 penitus
1111 1078 1198 1145 prae-

146 1181 266 1242 tereat
288 1196 330 1242 ac
355 1172 521 1266 negligat.
572 1170 718 1262 Alioqui
742 1194 813 1240 non
840 1170 1003 1261 equidem
1024 1169 1196 1262 intelligo,

151 1310 214 1357 cur
227 1296 327 1357 metu
342 1296 607 1358 commoveatur
623 1285 758 1377 aliquis,
772 1287 911 1377 quoties
928 1285 994 1354 sibi
1007 1286 1143 1355 venerit
1161 1286 1197 1354 in

152 1411 309 1472 mentem
333 1426 501 1495 magnum
518 1401 607 1471 illud
626 1401 845 1471 Profundum
864 1399 1022 1482 Naturae,
1041 1401 1196 1492 verique.

155 1515 283 1608 Neque
300 1519 414 1597 video,
432 1518 503 1587 tale
521 1517 652 1608 aliquid
670 1539 736 1585 usu
754 1517 873 1586 venire
890 1514 959 1585 illis
984 1514 1195 1598 hominibus,

154 1633 210 1724 qui
239 1634 358 1726 magni
389 1648 426 1702 et
455 1633 610 1724 praeclari
640 1632 706 1702 sibi
733 1633 897 1701 videntur
927 1631 995 1701 hoc
1025 1639 1196 1723 tempore,

154 1748 340 1818 metientes
371 1773 486 1818 rerum
516 1758 679 1817 naturam
703 1747 844 1837 Epicuri
868 1746 1022 1816 modulo
1077 1746 1196 1817 Nemo

154 1863 319 1944 omnium,
346 1865 440 1954 quod
471 1863 590 1944 sciam,
620 1862 843 1943 contremuit,
875 1884 980 1930 nemo
1010 1862 1196 1931 formidine

154 1977 309 2048 imbutus
339 1977 474 2060 caelum,
500 1987 621 2058 terras,
651 2000 748 2047 mare
776 1978 970 2068 spectavit:
1004 1999 1066 2068 pro
1098 1985 1195 2046 certo

153 2092 280 2162 habere
302 2093 500 2174 credideris,
517 2096 555 2162 in
573 2093 639 2162 hoc
657 2102 757 2162 tanto
774 2093 895 2160 mundi
921 2092 1034 2180 spatio
1057 2090 1194 2160 nullum

152 2204 255 2296 plane
288 2204 458 2298 angulum
488 2205 573 2286 fore,
601 2228 707 2297 quem
741 2228 812 2273 non
845 2204 1028 2296 explorare
1062 2206 1196 2297 possint

151 2321 225 2412 ipsi,
243 2321 350 2389 modo
367 2320 451 2393 satis
474 2319 620 2413 longum
637 2321 742 2389 detur
761 2321 844 2388 vitae
862 2317 1085 2388 curriculum.
1138 2317 1194 2386 Ex

152 2458 220 2527 quo
238 2434 398 2515 efficitur,
413 2437 538 2526 privari
557 2458 617 2505 eos
635 2458 698 2505 sua
710 2458 886 2525 quemque
904 2446 941 2503 et
959 2434 1195 2504 delectatione

151 2558 187 2620 et
210 2549 316 2620 laude
340 2551 482 2620 eximia.
540 2550 628 2634 Quis
658 2552 763 2631 enim,
789 2549 944 2619 humana
969 2549 1097 2630 indole,
1124 2571 1195 2618 non

150 2663 251 2735 malit
277 2665 422 2735 infinitae
448 2665 613 2736 doctrinae
634 2666 691 2734 vel
711 2667 748 2733 in
772 2665 893 2756 primis
919 2666 1046 2733 versari
1075 2664 1193 2743 initiis,

151 2803 256 2871 quam
274 2780 382 2850 finitae
400 2791 437 2850 et
455 2791 611 2873 angustae
629 2780 808 2872 fastigium
829 2778 913 2848 licet
931 2778 1194 2848 exactissimum

151 2896 354 2987 imponere?

199 3010 258 3080 Ex
281 3011 346 3082 hac
363 3013 488 3104 utique
514 3022 614 3105 parte
640 3036 710 3082 non
728 3022 824 3082 caret
842 3036 904 3082 aua
921 3011 1071 3102 quadarn
1091 3012 1193 3082 Poesi

150 3148 194 3194 ne
219 3125 412 3197 abstrusior
429 3128 571 3219 quidem
589 3127 650 3197 illa
667 3128 997 3197 mathematicorum
1015 3150 1069 3196 ars
1087 3136 1124 3196 et
1141 3151 1195 3197 ra·

150 3243 211 3324 tio,
228 3243 361 3311 nedum
387 3265 519 3324 eorum,
537 3243 597 3334 qui
624 3244 660 3311 in
686 3243 828 3334 physica
851 3251 1069 3324 exercentur,
1087 3252 1194 3334 atque

149 3358 184 3426 iu
203 3364 351 3426 externa
367 3357 433 3427 hac
450 3366 622 3428 terrarum
640 3357 788 3448 caelique
806 3357 1078 3449 pulchritudine.
1128 3357 1194 3428 Est

150 3471 185 3539 in
203 3479 355 3561 utroque
370 3494 500 3563 genere
517 3473 610 3564 quod
628 3474 739 3565 magis
763 3496 803 3542 ac
826 3474 939 3564 magis
962 3473 1110 3540 miretur
1132 3473 1194 3543 ali·

149 3585 235 3676 quis,
254 3586 348 3675 quod
374 3596 605 3678 prosequatur
628 3610 710 3656 curn
732 3610 850 3656 amore
868 3597 905 3656 et
923 3587 1105 3668 desiderio,
1123 3611 1196 3678 quo

149 3702 184 3769 in
205 3723 333 3770 arcana
356 3703 474 3771 nescio
491 3725 572 3793 qnae
594 3703 706 3793 spatia
728 3703 830 3771 evehi
848 3711 885 3771 et
903 3703 1030 3771 abduci
1048 3724 1085 3770 se
1103 3704 1194 3773 sinat

149 3816 308 3885 animus:
344 3814 611 3886 Mathematiois
636 3817 802 3886 videlicet
830 3840 902 3897 sua,
923 3840 1029 3907 quam
1054 3826 1192 3896 vocant,

148 3928 334 4022 Analogia,
360 3931 564 4022 abditaeque
591 3954 816 4000 numerorum
841 3940 878 3999 et
908 3932 1199 4024 magnitudinum*

148 4043 311 4126 rationes,
339 4043 410 4114 alia
437 4053 518 4137 post
548 4044 653 4115 aliam
680 4046 717 4113 iu
739 4045 916 4115 infinitum
942 4052 1169 4115 excurrentes
1184 4067 1200 4113 τ·

149 4156 316 4250 Physicis,
331 4159 603 4230 similitudinum
619 4162 743 4254 ingens
761 4161 870 4252 copia,
890 4161 1117 4252 plurimaeque
1135 4183 1193 4228 oc-

148 4271 322 4342 cultarum
348 4275 475 4345 virium
501 4276 783 4368 significationes.
836 4275 1033 4365 Utramque
1054 4275 1195 4366 provin-
