2768 4876
165 314 229 383 716
411 315 534 399 Respici
547 337 568 377 a
587 313 717 399 Virqc‘lio
731 315 929 377 Lucretium.
995 334 1209 378 rannxxxvr.

166 486 348 577 putatione
365 485 410 554 de
427 494 586 554 veterum
601 484 723 566 Poesi;
747 486 864 554 nescio
882 485 1047 576 equidem
1064 509 1110 555 an
1128 488 1212 556 satis

165 600 337 670 feliciter:
366 598 451 669 illud
484 609 580 669 certe
610 601 729 669 videre
758 600 845 668 mihi
874 601 1003 683 videor,
1031 602 1212 693 aptissime

166 717 335 808 quadrare
356 716 399 784 ad
426 738 508 785 usus
534 724 641 806 atque
666 716 710 784 ad
738 715 909 785 desideria
933 714 1132 797 hominum,
1150 740 1211 786 suo

167 833 243 902 loco
269 856 309 901 ac
337 841 506 922 tempore,
529 831 666 924 singula
692 830 844 901 Poeseos
868 855 1017 924 genera:
1046 832 1213 903 Homeri·

166 972 246 1018 cum
260 947 433 1027 videlicet,
447 946 683 1027 Pindaricum,
694 945 931 1039 AEschyleunr‚
941 947 1211 1018 Lucretianum:

166 1065 271 1133 modo
297 1086 342 1132 ne
368 1085 431 1131 nos
449 1064 592 1131 omnino
610 1061 775 1131 fefellerit
801 1065 939 1153 propria
964 1064 1135 1155 cujusque
1161 1065 1213 1133 in-

167 1179 264 1249 doles
282 1188 318 1247 et
336 1200 474 1247 summa
492 1178 591 1246 ratio.

217 1294 336 1378 Quare
361 1295 398 1362 in
423 1293 478 1363 his
499 1315 640 1384 quoque
659 1292 864 1385 Virgilianis
890 1295 1110 1386 pergendum
1135 1295 1211 1375 erit,

166 1411 299 1501 opinor,
318 1411 443 1479 eodem
466 1409 612 1478 itinere:
641 1410 835 1501 praesertim
862 1431 942 1478 cum
966 1431 1038 1477 non
1064 1408 1212 1480 obscure

167 1526 325 1617 Scriptor
345 1525 420 1616 ipse
437 1524 620 1616 significet,
638 1525 811 1615 respicere
829 1546 866 1594 se
885 1524 1091 1592 Lucretium
1116 1525 1212 1593 omni

167 1650 337 1732 tempore,
365 1642 415 1709 ita
441 1649 571 1720 tamen,
598 1648 639 1708 ut
665 1663 780 1730 neque
808 1641 937 1708 imitari
963 1662 1046 1708 eum
1072 1641 1212 1720 audeat,

167 1779 282 1848 neque
307 1779 345 1825 se
371 1754 529 1824 laborare
557 1753 734 1847 intelligat
759 1756 795 1823 in
820 1755 941 1824 eadem
969 1777 1110 1845 prorsus
1135 1779 1214 1845 pro-

168 1873 291 1942 vincia.
343 1870 466 1962 Atque
496 1870 579 1939 huic
609 1880 817 1962 argumento
844 1870 899 1939 vel
925 1891 1037 1939 unum
1062 1870 1213 1941 sufficiat

168 2009 310 2056 carmen
328 1986 405 2077 jam
431 1993 514 2053 ante
539 2007 561 2054 a
585 1984 686 2054 nobis
711 1986 953 2077 praedicatum,
972 1984 1038 2054 sub
1063 1985 1136 2054 fine
1161 2007 1215 2054 se·

168 2103 274 2173 cundi
310 2102 388 2171 libri
417 2100 695 2194 Georgicorum:
734 2126 804 2193 quo
838 2125 875 2172 se
909 2102 1096 2193 profitetur
1123 2101 1213 2170 velle

169 2226 252 2285 ante
282 2215 400 2284 omnia
430 2213 546 2283 Musis
576 2217 825 2299 commendari,
856 2216 1054 2285 docendum
1088 2235 1214 2283 arcana

171 2330 368 2400 Naturaeaz

311 2475 437 2528 Defectus
451 2474 521 2528 Solis
533 2476 628 2545 uarios,
642 2475 778 2545 Lunaeque
790 2474 901 2538 labores,

283 2562 299 2595 '1
312 2559 393 2614 Unde
404 2571 504 2614 tremor
515 2561 599 2624 terris,
613 2579 665 2631 qua
676 2561 702 2614 vi
714 2561 797 2614 maria
808 2562 860 2614 alta
870 2569 1020 2613 tumescant

255 2656 258 2661 '
312 2647 451 2716 Objicibus
464 2647 558 2716 ruptis,
571 2665 717 2716 marsusque
728 2647 757 2699 in
770 2663 797 2698 se
809 2647 867 2714 ipsa
878 2645 995 2699 residant
1002 2669 1010 2708 3

312 2732 385 2790 Quid
397 2742 501 2786 tantum
515 2733 622 2786 Oceano
634 2740 775 2801 properent
787 2749 815 2784 se
827 2732 927 2801 tingere
941 2730 1015 2785 Soles
1111 2724 1114 2730 ’

312 2818 434 2888 Hybemi
441 2841 449 2881 ;
469 2819 510 2871 vel
522 2836 581 2888 quae
594 2817 676 2871 tardis
688 2836 763 2871 mora
774 2819 898 2872 noctibus
911 2818 1006 2872 obstet.

221 2941 307 3011 Post
325 2941 444 3032 paullo
462 2950 481 2979 “
493 2941 631 3010 felicem
639 2942 657 2969 ”
674 2940 839 3032 appellat,

180 3154 183 3159 ¹
383 3076 438 3134 Qui
449 3077 535 3147 potuit
548 3094 635 3130 rerum
649 3094 808 3146 cognoscere
821 3094 921 3139 causas,

240 3227 243 3230 Α
311 3164 400 3233 Atque
411 3171 498 3217 metus
511 3181 603 3216 omnes
616 3172 641 3216 et
653 3163 811 3216 inexorabile
823 3163 908 3216 fatum

312 3248 431 3319 Subjecit
441 3248 563 3317 pedibus,
577 3249 768 3319 strepitumque
780 3248 942 3302 Acherontis
951 3250 1030 3303 avari.

173 3370 324 3440 Habetis
350 3371 578 3439 manifestum
602 3369 765 3461 Epicurei
790 3369 879 3438 vatis
904 3371 1140 3460 praeconium3
1172 3372 1214 3440 de

172 3489 246 3576 ipso
277 3486 430 3576 Epicuro
459 3485 543 3576 quid
574 3485 731 3565 senserit,
762 3485 906 3575 ejusque
937 3485 1106 3566 doctrina,
1138 3486 1214 3554 reli-

172 3603 260 3695 quit,
278 3602 313 3669 ni
331 3598 442 3681 fallor,
461 3601 497 3668 in
515 3601 690 3692 ambiguo,
746 3597 874 3689 Neque
900 3599 968 3668 alia
990 3599 1138 3669 fortasse
1163 3608 1214 3669 est

173 3717 261 3807 ratio
275 3714 462 3805 cantilenae
481 3716 580 3784 istius
599 3715 709 3784 Sileni
720 3711 757 3782 b:

489 3858 537 3911 Uti
549 3861 679 3927 magnum
690 3875 737 3927 per
749 3857 827 3910 inane
840 3865 929 3909 coacta

314 3944 421 3998 Semina
432 3953 613 4014 terrarumque
625 3945 772 4013 animaeque
784 3943 918 4012 marisque
930 3941 1051 4004 fuissent,

313 4034 348 4087 Et
359 4032 454 4103 liquidi
466 4032 546 4086 simul
557 4033 643 4102 ignis:
663 4041 693 4084 ut
705 4030 747 4084 his
760 4029 867 4082 exordia
878 4028 970 4099 primis

314 4119 421 4181 Omnia,
434 4126 459 4171 et
472 4118 521 4186 ipsi
533 4126 607 4171 tener
618 4116 713 4170 mundi
726 4115 887 4169 concreverit
900 4113 981 4167 orbis.

243 4318 257 4346 Β
272 4310 363 4377 Georq.
378 4326 402 4361 2.
417 4309 475 4378 478.
892 4305 978 4357 bEcl.
992 4302 1018 4356 6.
1032 4318 1076 4371 31.
