2768 4876
166 299 230 360 114
314 297 477 363 Iudicium
490 304 622 363 manum
637 295 674 359 dc
689 295 842 379 AEsclyb,
858 294 995 380 ubisque,
1026 317 1119 357 rann.
1131 317 1210 358 xxn.

164 471 375 562 incipiebam
394 492 534 539 mecum
552 469 717 562 cogitare,
740 466 946 538 occurrebat
967 467 1088 536 statim
1110 466 1211 536 dubi·

165 586 255 656 tatio
281 609 352 655 non
382 585 478 665 levis,
503 607 608 676 quam
639 584 754 664 hodie,
778 606 841 675 pro
869 581 958 651 virili
990 604 1069 651 mea
1099 592 1211 672 parte,

165 701 291 771 tollere
309 701 502 794 aggrediar.

222 815 366 907 Nempe
396 815 500 884 bonae
530 816 621 907 parti
656 816 840 885 hominum
870 813 1045 906 frigescet,
1076 813 1210 905 opinor,

165 954 306 1023 prorsus
329 953 372 1002 ea
397 933 596 1014 sententia3
626 955 743 1023 neque
769 929 873 1000 facile
895 952 934 999 se
955 929 1092 998 avocari
1120 930 1211 1022 pati-

165 1055 272 1116 entur
288 1070 309 1116 a
326 1047 514 1117 verborum
530 1048 796 1142 imaginumque
813 1045 1014 1125 luminibus
1034 1054 1070 1114 et
1087 1045 1132 1113 ab
1150 1068 1213 1114 ex-

165 1172 266 1232 terno
292 1161 354 1232 illo
379 1160 565 1253 splendore
590 1170 628 1231 et
653 1171 823 1254 apparatu
841 1161 1003 1242 Poeseos,
1021 1160 1065 1230 ad
1085 1182 1213 1230 arcana

165 1280 364 1349 animorum
399 1279 597 1349 scrutanda.
662 1278 811 1370 Ecquid,
846 1278 1016 1368 inquient,
1051 1287 1212 1347 nostrum

166 1378 324 1476 interest,
360 1416 429 1484 qua
463 1394 612 1484 quisque
644 1403 766 1463 mente
800 1403 837 1463 11
871 1392 990 1462 indole
1024 1391 1211 1483 scripserit,

165 1510 272 1580 modo
290 1511 420 1602 scripta
445 1511 516 1580 sint
533 1511 717 1602 ejusmodi,
736 1533 813 1600 quae
837 1517 995 1578 mentem
1021 1529 1213 1599 sensusque

165 1626 349 1697 hominum
369 1626 560 1711 delectent,
579 1625 838 1717 moveantque?

216 1740 273 1812 Ao
297 1743 426 1814 mirum
444 1744 480 1812 ni
498 1743 629 1813 abeant
646 1742 683 1810 in
700 1764 759 1811 eas
775 1741 887 1811 ferme
904 1740 1067 1822 rationes
1085 1739 1214 1831 quibus

165 1879 203 1929 se
231 1859 346 1929 solent
373 1860 478 1942 tueri,
499 1859 559 1950 qui
584 1857 817 1952 Allegoriam,
839 1880 946 1948 quam
973 1864 1111 1936 vocant,
1139 1878 1213 1947 prae

166 1976 301 2045 caeteris
328 1975 504 2046 scribendi
533 1975 721 2067 generibus
751 1972 892 2044 fastidio
920 1973 1063 2043 habent.
1116 1970 1213 2042 Nam

166 2088 227 2157 ubi
246 2088 355 2158 semel
381 2090 489 2160 animi
516 2088 711 2183 legentium
729 2097 913 2180 coeperunt
930 2089 1085 2181 cogitare
1107 2085 1215 2156 altius

166 2203 451 2296 aliquod-“ubi
478 2228 515 2275 se
544 2228 566 2275 a
592 2205 698 2298 vulgo
727 2227 769 2275 ao
800 2227 905 2274 scena
934 2205 970 2273 in
1001 2211 1136 2273 secreta
1161 2225 1215 2271 re-

165 2321 460 2390 morunt”-non
499 2321 653 2391 multum
688 2321 853 2412 equidem
888 2321 1018 2391 referre
1053 2321 1214 2401 arbitror,

166 2444 286 2504 utrum
304 2459 346 2505 ea
363 2458 418 2505 res
435 2435 508 2519 fiat,
526 2436 693 2505 adhibitis
711 2436 922 2527 quibusdam
938 2434 1037 2526 quasi
1057 2435 1214 2504 veritatis

167 2551 312 2634 umbris,
331 2574 376 2620 an
404 2550 573 2621 translato
598 2552 636 2620 in
660 2575 759 2621 veras
784 2575 949 2643 personas
966 2551 1086 2620 Poetae
1106 2551 1215 2642 ipsius

167 2664 296 2735 affectu
323 2673 430 2756 atque
456 2665 585 2735 indole.
637 2665 821 2736 Videlicet
838 2689 884 2737 ex
901 2676 1050 2757 utraque
1067 2666 1213 2747 ratione,

167 2782 228 2873 qui
259 2780 369 2851 semel
400 2805 445 2850 ex
476 2783 593 2851 animo
624 2805 661 2851 se
689 2783 826 2852 dederit
856 2783 1047 2852 Poetarum
1078 2783 1214 2864 studiis,

167 2919 239 2965 non
265 2896 405 2966 vacabit
430 2898 536 2967 meris
560 2896 705 2979 delioiin,
724 2921 769 2967 ne
794 2898 837 2967 iis
862 2898 1015 2990 quidem,
1039 2920 1116 2988 quae
1140 2897 1216 2966 lon-

167 3011 310 3105 gissime
345 3013 474 3082 distare
508 3014 695 3083 videantur
727 3014 773 3083 ab
804 3013 947 3105 Epicuri
982 3013 1215 3105 turpitudine,

167 3130 398 3221 proximeque
416 3129 459 3198 ad
476 3129 604 3199 intima
621 3131 769 3221 purioris
786 3129 1018 3221 philosophiae
1035 3130 1214 3199 accedere.

220 3244 291 3314 Sed
327 3245 433 3327 enim,
461 3246 552 3315 sicut
583 3247 628 3314 de
662 3246 805 3325 virtute,
831 3246 882 3314 ita
912 3245 956 3314 de
987 3268 1069 3314 vera
1100 3245 1214 3327 Poesi,

169 3358 267 3427 nullo
285 3382 355 3428 non
374 3367 534 3451 tempore
552 3360 741 3429 dicendum
759 3359 826 3429 erit
842 3358 940 3441 illud,

524 3529 619 3600 ἱδρῶτα
631 3530 685 3585 θεοὶ
697 3530 871 3601 προπάροιθεν
882 3530 974 3600 ἔθηκαν

380 3613 508 3669 ἀθάνατοι·
527 3617 624 3685 μακρός
635 3637 664 3669 τε
676 3616 717 3669 καὶ
729 3614 816 3685 ὄρθιος
828 3611 900 3684 οἶμος
912 3613 951 3669 ἐπ’
961 3613 1046 3682 αὐτήν.

171 3782 241 3866 Qui
265 3790 386 3851 autem
410 3779 516 3851 istum
544 3780 701 3850 laborem
719 3781 868 3862 oderint,
886 3787 1055 3870 potemnt
1072 3778 1217 3870 quidem

170 3898 221 3968 illi
253 3897 364 3968 oculis
394 3907 537 3989 captare
567 3906 712 3967 tenuem
737 3898 913 3987 quandam
939 3896 1100 3964 umbram
1129 3895 1218 3966 Poe-

171 4037 258 4096 seoa
280 4014 341 4083 sed
366 4036 489 4082 vereor
512 4037 557 4083 an
583 4035 764 4106 nunquam
788 4013 906 4081 animo
933 4011 1082 4081 formam
1106 4014 1217 4103 ipsam

171 4131 368 4221 faciemque
402 4130 478 4219 ejus
511 4129 701 4222 attingant.
767 4128 895 4212 Quare,
929 4127 1022 4195 sicut
1056 4127 1091 4195 in
1119 4127 1219 4217 justa

172 4244 363 4338 Allegoria,
387 4243 561 4336 Spensero
593 4266 734 4334 quoque
768 4244 843 4334 ipso
870 4242 1014 4319 artifice,
1043 4242 1114 4310 cito
1145 4240 1220 4310 lan-
