2768 4876
10 40 54 341 l

143 323 235 369 rann
248 327 365 368 xxxm.
410 306 467 370 scd
478 306 680 388 deploratio
693 307 797 371 mania
810 307 1007 372 monacisca
1126 307 1191 378 679

134 475 239 547 solus
265 476 377 548 ferme
399 485 497 546 recte
523 500 561 548 se
587 477 750 548 habuerit
774 479 921 549 Dantes.
973 479 1064 549 Cum
1095 481 1190 551 enim

132 589 211 660 illis
229 591 440 683 plenamque
455 592 563 662 moris
581 593 639 675 sit,
657 614 771 663 crassa
788 616 829 662 ac
847 601 987 662 terrena
1003 594 1191 664 transferre

127 706 173 775 in
193 705 319 799 Elysia
339 729 402 777 sua
425 729 466 781 ac
484 707 677 790 Paradisos,
695 706 753 776 hic
779 730 824 777 ne
847 708 1030 778 hortorum
1047 707 1190 799 quidem

122 823 376 906 amoenitates,
407 847 523 916 neque
553 825 783 895 castissimam
812 826 1004 895 formarum
1038 824 1192 916 pulchri-

124 939 315 1021 tudinem,
333 939 407 1009 ullo
424 948 585 1032 tempore
603 940 761 1010 admittit
778 942 815 1010 in
833 963 935 1010 suum
953 940 1100 1010 aethera:
1129 942 1191 1009 tri-

127 1055 210 1125 bus
233 1055 313 1138 illis,
330 1063 372 1125 ut
389 1056 560 1138 dicebam,
578 1056 690 1125 ferme
707 1064 916 1138 contentus;
945 1055 1052 1137 Luce,
1072 1054 1189 1138 Motu,

120 1169 272 1240 (lautu.

190 1286 276 1356 Jam
297 1309 386 1367 vero,
405 1288 462 1356 cui
486 1285 624 1356 suffecit
648 1294 689 1355 ut
715 1287 905 1378 plurimum
924 1286 1084 1378 supellex
1102 1287 1191 1356 adeo

127 1401 258 1471 brevis
288 1410 326 1471 et
356 1411 515 1495 angusta,
546 1402 642 1470 idem
676 1401 805 1492 alioqui
841 1401 1014 1493 siguificat
1049 1423 1086 1471 se
1120 1424 1191 1470 non

130 1517 281 1586 modice
310 1516 478 1587 delectari
509 1515 684 1608 sylvarum
716 1516 877 1597 flexibus
901 1516 1120 1607 obscureque
1150 1540 1191 1585 ac

132 1632 250 1702 dubio
273 1654 336 1725 per
356 1655 502 1701 nemora
527 1655 568 1700 ao
594 1631 704 1701 saltus
728 1633 874 1700 itinere:
903 1631 1001 1700 velut
1027 1633 1098 1711 ubi,
1125 1633 1191 1702 sub

132 1749 215 1839 ipso
249 1748 363 1838 operis
393 1747 504 1826 initio,
536 1754 653 1816 narrat
684 1769 721 1816 se
751 1747 807 1815 via
838 1747 1005 1816 erravisse
1034 1747 1071 1814 in
1099 1746 1191 1816 valle

140 1862 260 1932 nescio
278 1885 348 1953 qna
364 1862 525 1953 sylvestri
544 1871 582 1932 et
598 1862 758 1931 horrida:
785 1861 841 1929 vel
859 1860 974 1929 multo
992 1862 1100 1931 etiam
1117 1884 1191 1930 ma-

139 1977 194 2068 gis
216 1977 255 2046 iu
276 1977 479 2046 suavissimo
501 1978 655 2046 carmine
664 1987 691 2056 Ρ,
710 1999 780 2067 quo
797 1975 986 2046 Terrestris
1006 1976 1192 2046 adumbra-

141 2100 201 2159 tur
219 2090 416 2160 Paradisus

187 2205 305 2274 Immo
324 2207 442 2287 etiam,
456 2215 500 2274 nt
517 2207 552 2274 id
570 2207 666 2297 quod
684 2206 798 2275 sentio
816 2207 940 2289 dicam,
955 2206 1014 2296 qui
1034 2204 1191 2274 Dantem

141 2322 178 2389 iu
197 2319 332 2390 deliciis
348 2320 492 2401 habent,
511 2321 676 2402 nonalia,
694 2321 887 2389 maximam
905 2328 1052 2412 partem,
1069 2320 1192 2413 volup-

141 2445 217 2504 tate
244 2436 419 2517 frnuntur,
446 2445 552 2526 atque
583 2437 607 2504 ii
633 2437 693 2526 qui
720 2436 830 2504 libere
855 2459 919 2526 per
944 2458 1089 2505 nemora
1113 2438 1192 2505 avia

138 2551 360 2642 gradiuntur,
391 2551 516 2620 incerti
547 2551 632 2642 quid
664 2573 804 2642 quoque
837 2558 997 2642 tempore
1030 2551 1191 2619 futurum

141 2667 188 2735 sit
213 2666 369 2736 obvium.
421 2666 525 2736 Adeo
553 2690 623 2735 non
650 2666 854 2736 incredibile
881 2667 1021 2735 videtur
1043 2668 1079 2735 id
1096 2668 1190 2757 quod

143 2781 178 2849 in
210 2781 378 2851 Lucretio
409 2782 515 2849 modo
546 2782 737 2851 docebam:
777 2783 805 2851 si
833 2803 938 2871 quem
969 2804 1191 2851 commovere

140 2897 279 2967 soleant
296 2920 415 2966 amore
428 2899 581 2987 quodam
600 2897 755 2967 obscurae
773 2907 811 2966 et
828 2897 972 2964 infinitae
990 2919 1056 2978 res,
1075 2897 1190 2965 eidem

141 3013 301 3104 scriptori
319 3012 414 3081 cordi
432 3011 507 3081 fore
525 3034 595 3080 non
613 3018 775 3102 apertum
793 3011 899 3079 modo
913 3011 1191 3102 aequora,ignes-

144 3150 212 3218 que
238 3127 401 3208 sidereos,
419 3149 542 3195 verum
568 3127 674 3195 etiam
702 3125 849 3194 nubium
876 3125 1051 3215 profunda
1076 3134 1112 3194 et
1134 3148 1191 3194 se-

143 3251 257 3311 cretos
275 3242 450 3333 sylvarum
469 3240 585 3311 calles.

192 3356 331 3426 Verum
358 3357 435 3426 lraec
459 3355 568 3425 semel
591 3356 878 3425 animadvertisse
901 3358 984 3426 satis
1005 3357 1061 3425 sit
1114 3356 1189 3426 Sibi

140 3474 290 3564 quisque
320 3472 400 3540 volo
430 3480 579 3541 venetur
609 3471 781 3561 exempla,
816 3473 922 3540 modo
956 3472 1024 3540 hoc
1058 3479 1188 3554 teneat,

142 3611 257 3678 neque
276 3588 427 3679 tempori
453 3610 518 3656 nec
543 3587 652 3654 labori
678 3587 904 3676 parcendum,
927 3588 954 3654 si
980 3587 1117 3675 quisse
1143 3608 1189 3654 ex

141 3703 258 3771 animo
276 3703 438 3794 accingat
455 3701 500 3769 ad
518 3704 594 3792 ejus
611 3699 791 3769 Poematis
808 3699 1008 3769 lectionem.
1059 3699 1189 3790 Neque

143 3839 244 3907 porro
273 3815 518 3908 refugiendum
546 3822 650 3905 putet
680 3813 725 3882 ob
752 3814 823 3881 duo
847 3813 1005 3901 quaedam
1028 3810 1084 3880 vel
1111 3813 1188 3893 tria,
1266 3833 1270 3842 ·

142 3953 219 4021 quae
236 3927 392 4000 severius
409 3925 527 4020 paullo
546 3950 681 4009 sonare,
699 3949 744 3995 ne
763 3927 877 3995 dicam
895 3926 1079 4006 horridius,
1095 3924 1189 3992 vide-

142 4048 256 4110 antur.
310 4040 423 4110 Nobis
449 4039 697 4111 revertendum
725 4049 778 4109 est
805 4040 889 4109 illuc
917 4040 1010 4109 uude
1037 4047 1112 4108 erat
1138 4040 1190 4107 di-

482 4253 498 4291 1³
511 4245 609 4309 Dante,
622 4245 789 4314 Parpotorio,
804 4245 847 4298 28.
