2768 4876
165 312 231 376 510
337 313 984 400 ΒυοιυυίοινιίαιιμίαΡίκάατοοόειιινὶιια
1029 340 1212 386 numm.

164 479 335 548 honorem
351 479 561 572 Thmsybuli
578 482 784 555 confectos?
823 481 969 579 Nempe
984 487 1065 558 urbi
1081 490 1158 581 ejus
1173 511 1212 561 aa

163 590 270 661 domo
288 596 416 664 servari
435 595 486 665 ait
502 597 541 666 in
561 597 638 688 ipso
654 596 834 690 Apollinis
857 603 966 694 adyto
983 604 1125 696 copiam
1140 629 1212 676 oar·

164 706 302 775 minum
319 707 417 777 nulla
433 708 636 781 calamitate
653 711 840 784 delendam
850 725 877 784 Ρ.

375 850 526 908 Πυθιόνικος
538 852 589 907 ἔνθ
602 852 734 919 ὀλβίοισιν
745 855 907 928 Ἐμμενίδαις

373 937 486 1007 ποταμίᾳ
497 937 519 993 τ’
530 937 683 1011 Ἀκράγαντι
695 943 737 996 καὶ
749 944 800 1012 μὰν
811 946 963 1016 Ξενοκράτει

374 1022 476 1094 ἕτοιμος
488 1022 572 1094 ὕμνων

375 1109 506 1179 θησαυρὸς
517 1111 545 1166 ἔν
555 1111 717 1187 πολυχρύσῳ

374 1195 538 1266 Ἀπολλωνίᾳ
549 1198 707 1270 τετείχισται
718 1200 792 1270 νάπᾳ·

374 1282 422 1336 τὰν
433 1285 492 1337 οὔτε
503 1283 634 1354 χειμέριος
645 1283 744 1354 ὄμβρος
755 1285 865 1343 ἐπακτὸς
876 1285 969 1349 ε’λθάιν,

376 1367 518 1438 ἐριβρόμου
529 1368 643 1440 νεφελας
808 1439 814 1448 ἱ

375 1455 488 1522 στρατὸς
499 1454 642 1526 ἀμείλιχος,
655 1454 707 1509 οὔτ’
720 1455 808 1525 άνεμοι
819 1456 847 1512 ἐς
857 1455 956 1527 μυχοὺς

374 1538 439 1596 ἁλός
449 1539 539 1608 ἄξοισι
550 1542 681 1615 παμφόρῳ
692 1542 784 1612 χεράδι

374 1627 537 1696 τυπτόμενοι.

165 1756 237 1840 Qui
254 1779 385 1838 versus,
402 1759 508 1829 modo
530 1760 576 1829 sit
598 1761 786 1859 auguranti
803 1760 916 1843 venia,
934 1759 1102 1831 videntur
1126 1761 1212 1831 mihi

164 1872 337 1962 respicere
356 1873 533 1964 jacturam
559 1873 722 1965 aliquam,
740 1895 846 1966 quam
863 1873 925 1943 illo
942 1881 1104 1966 tempore
1122 1875 1213 1945 fece-

165 1988 237 2056 rint
249 1987 477 2081 Agrigentini
494 1989 681 2082 principes,
694 1990 728 2059 vi
741 1997 928 2059 ventorum
946 1988 1003 2058 vel
1020 2012 1211 2082 aquarum:

166 2101 283 2192 qualia
307 2102 490 2194 complura
513 2112 699 2174 narrantur
716 2103 761 2174 de
783 2103 887 2174 litore
905 2103 1068 2174 Sicelioo.
1121 2105 1214 2175 Con·

159 2216 304 2307 jicimus
329 2227 427 2288 certe
453 2216 656 2301 Pindarum,
682 2243 754 2289 non
780 2218 900 2301 semel,
922 2219 1104 2289 obscurius
1122 2217 1214 2310 (quae

165 2339 242 2400 erat
267 2333 342 2424 ejus
366 2333 569 2425 prudentia)
588 2335 748 2427 tetigisse
768 2356 824 2404 res
843 2355 954 2426 prope
974 2355 1012 2403 se
1030 2333 1214 2403 ueletiam

166 2467 285 2515 coram
308 2469 345 2517 se
362 2454 498 2540 gestas:
525 2449 718 2540 praesertim
735 2449 764 2518 si
781 2449 866 2538 quid
884 2448 1089 2518 invidiosius
1106 2448 1214 2519 finerit

167 2560 224 2630 vel
245 2562 413 2645 acerbius,
432 2586 539 2653 quam
557 2564 651 2655 quod
669 2564 744 2633 sine
760 2562 923 2633 molestia
943 2571 1063 2655 posset
1081 2564 1213 2655 apertis

168 2676 337 2748 declarari
364 2679 490 2749 verbis.
547 2678 713 2770 Exempli
741 2679 863 2772 gratia,
890 2678 1066 2749 Cleandro
1092 2688 1214 2773 gratu-

168 2791 243 2863 lans
261 2794 446 2864 victoriam
462 2803 624 2886 tempore
640 2794 759 2865 luctus
775 2803 924 2886 partam,

325 2954 353 3007 ἐκ
364 2955 492 3025 μεγάλων,
504 2954 620 3025 inquits,
631 2952 744 3009 πενθέων
754 2951 883 3016 λυθέντες,
894 2951 952 3023 μήτ’
966 2952 994 3008 ἔν
1005 2953 1118 3025 ὀρφανίᾳ
1128 2951 1214 3009 πίσω·

358 3061 405 3105 μεν
418 3039 565 3108 στεφάνων,

324 3123 388 3193 μήτε
400 3124 478 3177 κάδεα
488 3123 623 3193 θεράπευε.

167 3258 355 3353 Ὀμφανίαν
375 3257 576 3350 appellavit,
599 3265 750 3327 “carere
775 3258 893 3350 palma
904 3258 933 3328 :’'
958 3281 1035 3351 quae
1056 3281 1129 3328 vox
1154 3258 1216 3329 ha-

167 3370 230 3439 bet
263 3373 386 3462 utique
420 3369 637 3453 memoriam,
668 3370 753 3441 licet
786 3372 1027 3456 occultiorem,
1059 3374 1215 3464 parentis

168 3485 295 3555 amissi.
349 3485 421 3555 Sed
437 3486 483 3555 ad
499 3508 575 3555 rem
592 3487 786 3558 redeamus.

220 3600 386 3672 Diximus
402 3610 482 3672 tum
499 3604 544 3674 de
561 3603 673 3695 epulis
688 3604 927 3696 gymnastiois,
939 3612 1018 3673 tum
1032 3604 1076 3674 de
1093 3611 1216 3696 poeta·

169 3741 248 3787 rum
273 3719 530 3810 praedicatione.
583 3719 677 3790 Satis
694 3727 815 3790 autem
835 3719 873 3789 in
895 3728 1046 3810 utraque
1066 3721 1216 3790 materie

169 3835 355 3904 convenire
387 3835 461 3904 visa
490 3841 544 3904 est
573 3834 709 3905 indoles
739 3833 925 3906 Pindarica
954 3857 1036 3905 cum
1065 3835 1218 3906 athleta

168 3970 247 4016 rum
271 3948 396 4018 studiis
424 3956 462 4018 et
487 3949 617 4020 indole.
668 3948 792 4020 Addat
817 3949 965 4018 fortasse
990 3948 1118 4040 aliquis
1144 3970 1217 4017 non

308 4199 322 4236 ε
341 4191 420 4260 Pyro.
433 4190 460 4245 6.
473 4205 498 4261 5.
853 4201 868 4239 <1
886 4191 977 4246 ΙςιΙιοι.
991 4203 1016 4260 7.
1032 4206 1074 4244 11.
