2768 4876
166 293 230 356 loa
406 291 456 355 De
472 291 573 356 Oeam
586 289 664 355 velut
676 290 711 354 iat
725 311 815 355 saera
830 288 962 355 abouote.
1037 311 1132 354 rnna.
1146 313 1216 355 xxr.

166 484 247 530 eum
276 462 314 530 in
343 462 448 532 rebus
473 462 672 531 istiusmodi
702 459 812 531 semel
843 468 952 552 atque
981 461 1111 530 iterum
1139 484 1219 552 per-

164 577 347 648 strinxisse
380 577 542 649 videatur
572 577 780 670 Euripides:
820 578 952 647 nedum
988 577 1218 662 arbitremini,

166 700 237 762 tres
267 693 361 761 inter
389 715 427 762 se
457 693 547 763 adeo
577 693 763 763 dissimiles
789 693 881 763 forte
907 694 1059 784 quadam
1085 696 1219 784 pariter

165 804 329 876 incidisse
351 805 388 874 in
414 829 525 904 unum
554 805 622 876 hoe
648 805 844 888 eonsilium,
867 815 1045 876 remotum
1077 829 1220 897 praeser-

165 920 271 990 tima
289 923 467 991 communi
487 922 744 992 consuetudine
762 921 904 992 theatri.
956 922 1089 1005 Quidni
1110 921 1220 1014 igitur

159 1036 372 1127 judicemus,
395 1037 615 1129 AEsolrylum,
639 1059 709 1128 qua
739 1046 816 1108 erat
845 1037 1029 1130 gravitate,
1056 1038 1219 1107 consulto

166 1151 302 1236 fecisse,
322 1160 363 1222 ut
386 1154 423 1220 in
443 1153 511 1222 hoo
532 1177 604 1222 uno
623 1152 764 1246 Pyladis
789 1176 950 1223 sermone
974 1162 1052 1223 tum
1079 1177 1100 1222 a
1123 1176 1220 1222 oom-

167 1272 288 1334 mento
315 1275 489 1349 veterum,
506 1276 584 1337 tum
611 1290 632 1336 a
657 1268 794 1336 caeteris
821 1267 1061 1358 Scriptoribus
1087 1267 1220 1335 dissen-

165 1379 260 1462 tiret,
287 1402 330 1450 ea
357 1392 489 1464 mente,
518 1391 557 1451 ut
586 1380 755 1473 Pyladem
785 1381 886 1451 illum
915 1389 1056 1452 notaret
1086 1404 1126 1450 ao
1159 1382 1219 1450 de·

165 1496 320 1588 signaret
345 1498 457 1580 nobis,
474 1498 574 1569 velut
601 1497 758 1591 legatum
776 1499 965 1589 quendam,
986 1499 1218 1588 interpretem

165 1620 203 1681 et
216 1613 386 1682 nuncium
401 1614 543 1698 oraculi,
555 1624 662 1706 atque
680 1616 769 1685 adeo
782 1616 890 1707 ipsius
901 1613 1101 1706 Apollinis?
1136 1612 1220 1681 Mo-

164 1737 227 1798 net
245 1729 366 1821 itaque
389 1731 418 1800 is
436 1730 603 1802 Orestem
620 1732 678 1801 rel
700 1731 840 1813 tacitus,
858 1731 933 1800 sola
955 1731 1008 1800 sui
1034 1727 1220 1821 praesentia

165 1852 204 1915 et
220 1855 376 1937 aspectu,
395 1848 478 1939 quid
497 1849 593 1918 facto
610 1871 699 1940 opus
716 1849 783 1917 sit:
811 1856 999 1939 postquam
1020 1855 1139 1916 autem
1163 1868 1219 1916 res

166 1970 259 2032 stare
281 1965 389 2054 ooepit
412 1964 466 2032 ἐπὶ
490 1961 587 2060 ξύρου
609 1965 720 2044 ἀκμῆς,
739 1968 795 2052 (ut
821 1964 921 2032 aiunt
938 1961 1083 2055 Graeoi)‚
1100 1962 1218 2055 gladio

158 2078 235 2169 jam
250 2080 286 2147 in
300 2079 539 2155 matricidium
553 2081 683 2150 educto
695 2103 704 2162 ;
731 2103 812 2149 oum
827 2080 863 2147 in
877 2079 1152 2148 misericordiam
1167 2079 1219 2146 in-

167 2194 274 2288 digne
291 2194 495 2266 flecteretur
508 2197 656 2279 animus,
668 2205 706 2266 et
718 2195 903 2288 langueret
917 2194 1035 2264 subito
1048 2194 1220 2264 memoria

166 2311 276 2382 divini
295 2313 424 2392 edieti;
452 2320 530 2381 tum
548 2313 692 2382 demum
711 2313 809 2382 velut
836 2335 883 2380 ex
906 2311 1012 2403 adyto
1034 2333 1219 2401 erumpere

168 2453 237 2498 vox
265 2428 327 2499 illa
352 2430 492 2498 comitis
518 2430 614 2521 prius
639 2429 808 2510 inaudita,
835 2437 873 2497 et
897 2427 1065 2496 “omnia''
1092 2427 1219 2497 docere

168 2545 278 2616 “Diis
306 2544 578 2638 postponenda.'’
630 2545 711 2628 Qua
736 2543 810 2614 sola
835 2543 945 2613 semel
975 2552 1131 2634 accepta,
1162 2565 1220 2611 ao-

168 2660 261 2752 oingi
284 2661 415 2730 iterum
434 2659 579 2730 Orestes
597 2659 642 2729 ad
660 2681 749 2751 opus
766 2659 895 2741 fatale3
924 2657 1085 2751 Pylades,
1103 2656 1219 2726 officio

168 2773 320 2855 functus,
348 2773 510 2867 elinguis,
531 2783 573 2843 ut
595 2781 710 2855 antea,
734 2774 822 2843 fieri.
875 2774 929 2842 Eo
954 2772 1061 2841 modo
1087 2780 1125 2842 et
1150 2794 1219 2841 oae-

168 2886 249 2955 dem
279 2887 469 2979 mitigavit,
494 2887 648 2979 repetito
678 2889 723 2956 ad
753 2899 895 2979 tempus
926 2887 1077 2970 oraculo,
1103 2908 1219 2978 neque

168 3012 289 3072 tamen
323 3002 498 3073 modestia
532 3004 645 3073 caruit
678 3011 716 3073 et
750 3004 948 3073 reverentia
984 3004 1104 3096 magni
1141 3002 1221 3071 Nu-

169 3118 284 3200 minis,
319 3141 385 3188 neo
415 3118 533 3188 Deum
570 3118 645 3188 sine
679 3139 784 3188 eausa
816 3119 996 3209 produxit,
1027 3117 1147 3186 odiose
1182 3126 1220 3186 et

169 3233 323 3326 indigne.

220 3349 292 3418 Sed
319 3348 363 3418 de
392 3346 534 3439 Pyladis
564 3370 712 3440 persona
740 3349 922 3418 haetenus.
975 3347 1089 3418 Mitto
1119 3347 1219 3430 illud,

169 3470 331 3555 apertum
357 3470 395 3531 et
423 3463 649 3555 perspicuum
679 3463 853 3547 omnibus,
879 3464 973 3554 quod
1001 3461 1147 3532 Orestes
1175 3461 1221 3530 de

169 3602 275 3649 scena
304 3579 487 3650 discedens
516 3580 654 3651 disertis
685 3580 801 3650 verbis
831 3581 876 3650 ad
905 3579 1111 3671 Apollinem
1141 3601 1220 3670 pro-

170 3697 313 3765 vocati:

382 3815 424 3868 καὶ
435 3815 535 3885 φιλτρὰ
546 3817 644 3884 τολμῆς
655 3815 736 3884 τῆσδε
747 3815 960 3885 πλειστηρίζομαι

382 3901 427 3954 τὸν
439 3900 602 3968 Πυθόμανην
614 3900 717 3968 Λοξίαν,
729 3898 854 3971 χρήσαντ’
868 3899 924 3969 ἐμοὶ

619 3984 653 4005 ⁶2

381 3987 513 4057 πράξαντα
525 3987 572 4055 μὲν
583 4008 663 4049 ταυτ,
676 3987 749 4041 ἐκτὸς
760 3987 842 4043 αἰτίας
854 3989 930 4055 κακῆς

575 4197 586 4233 t
608 4194 718 4264 ctorpa
736 4213 811 4268 ¹0²9·
