2768 4876
167 298 233 361 538
327 297 450 378 Quarto
465 299 565 364 Poetae
578 299 647 364 &aaa
659 301 853 386 sapewic
865 323 966 388 sopor.
1013 324 1112 368 rann.
1125 328 1210 370 xxm.

168 469 296 554 divina,
315 472 422 562 siquis
440 471 632 543 Poetarum
659 475 754 543 omni
777 475 858 544 vitae
881 483 1043 566 tempore
1065 477 1210 569 vestigia

167 587 334 677 impressa
367 589 525 678 pueritiae
560 591 712 659 retinere
742 591 926 660 videatur:
963 592 1139 661 duntaxat
1169 593 1210 662 ad

166 697 242 781 hoc,
271 702 399 791 utqui
430 701 521 772 bene
548 692 772 794 perspectum
802 703 932 774 habeat
962 713 1093 774 tenerae
1119 705 1211 776 illius

166 817 279 886 aetatis
306 839 457 900 cursum,
482 820 511 888 is
537 818 636 888 filum
660 819 919 910 quodammodo
945 843 1054 889 mann
1080 828 1212 902 teneat,

166 933 265 1024 eujus
282 956 349 1025 ope
366 935 540 1026 perveniri
557 937 668 1026 possit
685 935 729 1004 ad
748 936 909 1005 intimam
927 936 1002 1028 ejus
1015 937 1081 1006 viri
1093 935 1212 1006 Poeti-

167 1071 256 1118 cam.
314 1047 437 1142 Atque
468 1051 562 1120 haud
593 1053 665 1121 scio
696 1075 740 1121 an
770 1053 807 1121 in
836 1051 927 1122 hano
957 1060 1097 1144 partem
1128 1055 1212 1124 setis

166 1172 262 1242 recte
280 1165 465 1236 afferamus
482 1167 684 1237 Tullianum
702 1167 801 1250 illud,
820 1169 915 1259 quod
931 1169 983 1239 ita
999 1168 1096 1239 soleo
1114 1171 1212 1261 equi-

166 1282 248 1350 dem
268 1283 446 1366 exaudire,
465 1291 632 1374 tanquam
658 1284 694 1352 id
721 1306 767 1352 ex
792 1285 898 1376 adyto
920 1285 1073 1376 quodam
1099 1307 1213 1355 sacro-

166 1403 300 1479 sancte,
313 1419 400 1467 voce
417 1397 604 1489 plusquam
622 1397 785 1481 humana,
804 1399 962 1483 dicatur3
989 1411 1008 1440 “
1021 1411 1046 1442 ¹¹¹
1058 1399 1113 1470 Ut
1130 1401 1213 1469 ado-

165 1510 358 1581 lescentem
383 1514 418 1581 in
445 1536 515 1604 quo
541 1513 651 1584 senile
676 1514 819 1606 aliquid,
847 1517 896 1586 sio
920 1538 1051 1597 senem,
1077 1518 1116 1586 in
1142 1540 1212 1608 quo

165 1633 219 1695 est
241 1626 473 1697 adolescentis
499 1626 641 1720 aliquid,
663 1628 804 1720 pr0b0.”
855 1629 1038 1713 Similiter,
1057 1629 1139 1700 volo
1162 1655 1213 1700 sa-

164 1743 263 1834 piant
284 1744 453 1835 cujusque
476 1745 632 1814 carmina
655 1746 862 1814 memoriam
880 1748 1057 1836 quandam
1082 1748 1213 1838 primo·

165 1882 244 1927 rum
270 1859 377 1950 ipsius
400 1883 591 1930 annornm:
623 1862 805 1952 principio,
823 1870 967 1954 propter
991 1863 1149 1932 nativam
1173 1863 1214 1932 il·

166 1975 248 2060 lam,
266 1976 433 2068 nullaque
450 1986 526 2046 arte
544 1979 814 2069 comparandam
840 1979 1062 2059 suavitatem,
1082 1989 1213 2069 “quam

165 2115 283 2184 nequo
309 2102 515 2175 monstrare,
542 2102 579 2162 et
607 2094 721 2163 sentio
749 2095 929 2178 tantum;”
956 2094 1094 2178 deinde,
1118 2095 1213 2188 quod

166 2207 217 2277 ita
242 2208 436 2277 certissime
458 2217 495 2278 et
521 2210 655 2300 optime
680 2210 880 2279 accedimus
907 2210 951 2279 ad
977 2211 1072 2302 ipsos
1097 2211 1214 2283 fontes

167 2322 330 2404 Poeseos,
360 2346 431 2392 non
464 2323 596 2394 rivulos
629 2323 743 2394 solum
778 2336 1032 2396 consectamur.
1094 2327 1213 2397 Immo

166 2441 284 2521 etiam,
304 2439 433 2528 (dicam
457 2440 552 2508 enim
573 2441 749 2521 audacius,
768 2442 830 2510 sed
846 2465 929 2511 vero
952 2442 1109 2535 propius)
1128 2466 1215 2534 quo-

167 2555 234 2624 ties
253 2555 316 2624 tali
339 2556 489 2624 fruimur
514 2555 676 2637 lectione,
703 2581 774 2626 non
800 2565 874 2626 tam
899 2557 1004 2650 hujus
1029 2567 1093 2629 aut
1118 2559 1214 2631 illius

167 2670 298 2754 Poetae,
312 2695 418 2763 quam
438 2671 585 2741 Naturae
602 2673 710 2764 ipsius
728 2672 1008 2765 contemplamur
1025 2697 1142 2768 opera,
1157 2677 1213 2747 vel

166 2788 283 2880 potius
302 2788 399 2880 Ejus,
418 2788 478 2879 qui
497 2787 675 2858 Naturam
693 2788 860 2859 condidit.

525 2982 548 3010 ¹¹¹
560 2973 603 3027 De
615 2975 757 3038 Senectute,
770 2992 793 3029 c.
809 2991 850 3030 11.
