2768 4876
165 351 375 394 rannxxvu.
412 329 577 415 optimates,
592 329 778 416 ποορίιόοια
791 332 994 398 adamaverit
1147 335 1212 398 546

167 523 252 592 pore
276 500 447 584 delend03
476 500 614 583 deinde,
636 501 885 572 excellentiam
910 503 1016 574 istam
1039 525 1102 595 per
1126 502 1214 572 libe-

167 639 222 687 ros
259 617 430 709 cujusque
466 640 508 687 ac
547 624 705 708 nepotes,
739 617 887 689 fortasse
921 620 958 688 in
992 627 1214 712 perpetuum,

168 733 227 802 diu
253 733 398 823 quidem
425 741 532 815 certe,
556 733 749 826 propagari.
801 734 954 804 Accedit
975 735 1070 825 quod
1094 735 1131 803 in
1157 758 1216 803 eo-

165 872 245 918 rum
272 849 440 941 progenie
466 849 594 939 saepius
614 849 891 918 numerabantur
911 850 977 941 ipsi
1002 848 1054 919 illi
1073 849 1215 919 Pindari

167 964 330 1057 aquales,
359 964 533 1056 principes
559 964 669 1033 totius
696 964 843 1033 Graeciae
868 965 1040 1050 homines,
1066 988 1214 1058 quorum

159 1065 194 1151 is
233 1079 432 1149 identidem
473 1079 638 1170 praeclara
673 1080 867 1149 certamina
900 1081 1061 1163 canebat,
1095 1080 1217 1173 pleris-

163 1219 236 1288 que
263 1196 373 1265 etiam
401 1195 641 1265 familiaritate
669 1196 877 1286 conjunctus
908 1204 1003 1266 erat:
1040 1197 1089 1266 sic
1120 1197 1214 1266 enim

162 1312 306 1381 ferebat
332 1334 454 1380 eorum
480 1320 683 1404 temporum
708 1313 818 1395 ratio;
850 1312 998 1383 Poetam
1023 1314 1214 1406 egregium,

160 1427 362 1498 maximam
380 1449 450 1496 suae
467 1427 581 1497 laudis
598 1437 746 1518 partem,
761 1429 879 1522 magni
893 1428 1070 1498 faciebant
1083 1429 1214 1521 egregii

163 1543 300 1635 quique
317 1542 477 1611 victores.
529 1541 572 1611 Id
592 1542 744 1612 Pindaro
762 1544 936 1635 praecipue
954 1566 1074 1614 carum
1097 1567 1138 1613 ac
1157 1544 1216 1635 ju-

164 1658 326 1727 cundum
343 1658 449 1726 fuisse
467 1657 601 1726 fatetur
616 1658 691 1749 ipse
708 1659 892 1728 notissimo
911 1659 1064 1728 carmine
1075 1654 1104 1727 f:

292 1799 331 1855 ἔπ’
348 1801 455 1855 άλλοισι
473 1801 495 1855 δ’
508 1801 585 1855 dano}
599 1801 717 1873 μεγάλοι·
736 1803 766 1856 τὸ
785 1800 807 1855 δ’
826 1802 940 1872 ἔσχατον
959 1803 1117 1872 κορυφοῦται
1136 1804 1215 1866 βασι-

328 1891 414 1942 λεῦσι·
432 1888 521 1958 μηκέτι
533 1887 658 1943 πάπταινε
669 1891 789 1958 πόρσιον.

293 1971 331 2042 εἴη
351 1970 382 2028 σε’
401 1997 430 2028 τε
446 1978 538 2028 τοῦτον
554 1975 627 2045 ὑψοῦ
645 1976 740 2046 χρόνον
757 1978 855 2038 πατεῖν,
875 1973 919 2045 ἔρι’
933 1998 961 2030 τε
976 1973 1092 2030 τοσσάδε
1109 1977 1215 2047 νικαφό-

346 2083 385 2116 oar

293 2083 401 2217 ὁρριλιῖν,
413 2150 566 2218 πρόφαντον
578 2147 662 2218 σοφίᾳ
675 2145 730 2200 καθ
738 2146 870 2204 Ἕλλανας
882 2148 957 2202 ε’όντο
968 2152 1059 2218 παντᾷ.

166 2267 287 2337 Immo
313 2289 376 2357 per
399 2268 516 2336 omnia
542 2267 617 2358 ejus
644 2267 773 2358 scripta
793 2269 1038 2359 primariorum
1062 2269 1214 2337 virorum

167 2380 327 2451 sodalem
348 2382 451 2452 facile
476 2405 653 2474 agnoscas,
681 2382 888 2452 lautioribus
913 2392 1091 2452 assuetum
1118 2406 1217 2453 men·

167 2497 226 2579 sis,
247 2496 428 2565 interdum
454 2498 562 2566 etiam
588 2520 673 2566 auro
697 2497 878 2567 libantem.
931 2497 1056 2567 Nostis
1082 2507 1215 2581 autem,
1312 2513 1320 2522 ’“

168 2612 245 2703 ejus
272 2611 370 2702 quasi
396 2619 580 2681 contactus
605 2611 703 2681 nullo
729 2614 765 2681 in
790 2626 921 2706 genere
949 2615 1117 2706 majorem
1143 2615 1216 2685 vim

169 2727 335 2808 existere,
353 2749 458 2816 quam
483 2727 577 2818 apud
594 2749 654 2796 eos
672 2728 799 2817 quibus
820 2728 1003 2821 contingit,
1015 2728 1123 2819 juxta
1141 2727 1218 2796 Ho-

169 2842 313 2924 ratium,
332 2843 455 2911 “adire
473 2842 716 2922 Corinthum‚”
734 2843 771 2911 id
788 2851 855 2926 cst,
872 2845 1027 2912 amicitia
1043 2842 1216 2912 nobilium

171 2957 252 3025 frui.

222 3068 363 3139 Deinde
389 3072 577 3170 optimates
603 3096 673 3141 non
699 3072 857 3164 plebeios
887 3071 1047 3140 homines
1076 3071 1217 3162 proprie

171 3185 346 3254 decebant
372 3208 414 3255 ea
439 3187 564 3266 studia,
588 3210 664 3278 quae
688 3186 840 3256 Pindaro
866 3186 1088 3278 potissimum
1116 3192 1217 3254 erant

171 3302 208 3369 in
226 3300 371 3382 deliciis
390 3300 464 3370 ludi
482 3302 648 3372 videlicet
668 3303 837 3372 militares
858 3326 898 3372 ac
915 3301 1114 3394 palaestrici,
1133 3323 1218 3391 quo-

171 3439 250 3485 rum
276 3417 468 3508 praesertim
495 3440 562 3509 ope
587 3441 751 3488 revocare
777 3420 806 3487 is
832 3425 971 3510 poterat
996 3417 1033 3485 in
1058 3417 1217 3487 animum

171 3531 338 3624 gloriosas
361 3531 438 3602 illas
463 3555 525 3602 seu
546 3533 681 3603 fabulas
706 3535 778 3603 sive
804 3532 957 3602 annales.
1011 3531 1217 3601 Pertinebat

172 3647 206 3715 id
228 3669 340 3739 genus
364 3670 469 3716 omne
495 3649 539 3716 ad
565 3648 725 3718 homines
746 3650 885 3730 otiosos,
903 3670 973 3716 non
1000 3646 1044 3716 ad
1068 3647 1217 3736 eosqui

172 3763 305 3831 victum
325 3763 368 3831 de
386 3763 444 3832 die
461 3764 497 3831 in
516 3763 610 3832 diem
628 3765 844 3854 quaerebant.
895 3762 1029 3854 Tetigit
1051 3761 1119 3831 hoc
1142 3761 1217 3852 ipse

172 3874 364 3958 Pindarus3
391 3876 580 3970 eleganter,
599 3887 640 3947 ut
657 3879 786 3948 assolet
798 3890 832 3948 ff:

488 4018 574 4090 κοόφα
588 4020 662 4075 δόσις
672 4019 746 4091 ἀνδρὶ
759 4022 838 4091 σοφῷ

293 4103 349 4157 ἀντὶ
366 4102 471 4174 μόχθων
487 4105 656 4159 παντοδαπῶν
668 4105 729 4160 ἔπος
740 4101 831 4158 ἅπαντ’
847 4101 944 4173 ἀγαθὸν
956 4100 1032 4167 ξυνόν
1046 4098 1162 4169 ὀρθῶσαι
1174 4120 1218 4151 κα-

328 4192 385 4243 λόν.

302 4396 307 4408 ·
336 4367 378 4418 Ol.
396 4383 417 4417 r.
434 4368 492 4419 181.
868 4365 981 4417 ΙΙοιΙιοι.
995 4380 1017 4415 1.
1032 4363 1074 4413 62.
