2768 4876
170 312 234 372 408
391 309 572 393 AEsclylwm
586 331 653 373 cwm
668 311 835 396 Sdadapcro
850 311 982 374 concisae.
1042 333 1136 373 rama.
1150 333 1216 373 xxr.

220 491 335 576 Quale
360 492 573 561 desiderium
599 493 656 582 (ut
682 493 827 562 tandem
853 492 1041 585 aliquando
1066 493 1111 562 ad
1133 489 1218 562 AEs·

169 606 312 699 chylum
356 616 515 675 nostrum
558 608 740 697 revertan)
780 607 817 674 in
852 604 1070 696 Choephoris
1111 602 1216 696 plane

169 731 303 815 regnat.
365 719 521 792 Afferam
556 722 613 792 hic
648 745 759 791 unum
794 723 839 792 de
873 721 1006 803 multis,
1040 744 1110 813 quo
1144 743 1216 789 non

168 835 263 913 aliud
281 836 443 918 nobilius,
461 836 694 928 exemplum.
749 836 873 906 Nostis
890 834 1084 905 clausulam
1101 833 1218 904 solen-

168 952 267 1021 nium
292 974 449 1043 precum,
467 974 553 1042 quas
570 953 665 1022 canit
682 951 827 1022 alternis
845 952 980 1021 vicibus
1002 972 1084 1020 cum
1107 949 1216 1018 fratre

167 1089 272 1136 soror.
325 1067 411 1137 Post
435 1069 576 1138 ardores
598 1068 763 1137 videlicet
790 1066 915 1160 lyricos
942 1065 1091 1136 decebat
1117 1085 1217 1134 seve-

168 1183 239 1253 rius
256 1182 388 1275 aliquid
406 1206 448 1253 ac
464 1183 697 1275 tranquillius.

380 1351 473 1423 ὧγαΐ,
486 1353 544 1410 ἄνες
554 1376 598 1423 μοι
611 1353 698 1423 πατέρ’
712 1354 870 1409 ἐποπτεῦσαι
881 1354 974 1423 μάχην.
1017 1401 1020 1409 ,

379 1436 399 1491 lo
411 1438 607 1510 Περσέφασσα,
619 1440 665 1496 δὸς
676 1438 707 1493 δέ
716 1439 741 1510 γ’
754 1441 887 1510 εὔμορφον
899 1440 999 1508 κράτος.

379 1522 496 1593 μέμνησο
507 1524 633 1594 λοῦτρων,
646 1522 685 1582 οἷς
696 1525 864 1596 ἐνοσφίσθης,
877 1526 967 1593 πάτερ.

378 1611 494 1680 μέμνησο
506 1610 538 1676 δ’,
551 1612 754 1684 ἀμφίβληστρον
766 1613 800 1668 ὣς
811 1611 950 1666 ε’καίνισαν.

377 1696 467 1754 πέδαις
478 1697 648 1768 ἀχαλκεύτοις
658 1697 804 1768 ἐθηρεύθης,
816 1699 909 1767 πάτερ.

378 1783 494 1854 αἰσχρῶς
504 1806 534 1838 τε
545 1786 728 1850 βουλεινςοῖσιν
739 1785 767 1838 ε’ν
778 1782 950 1853 καλῦρρασιν.

377 1865 417 1940 ἆρ’
431 1869 554 1942 ἐξεγείρει
565 1870 648 1926 τοῖσδ’
660 1871 795 1934 ὀνείδεσιν,
807 1871 904 1939 πάτερ;

378 1951 416 2022 ἆρ’
430 1953 508 2024 ὅρθον
519 1953 599 2025 αἴρεις
611 1955 740 2026 φίλτατον
750 1956 781 2008 τὸ
794 1955 843 2009 σὸν
854 1955 935 2024 κάρος

167 2098 256 2183 Quis
273 2099 351 2169 haec
368 2101 515 2172 audiens
534 2125 606 2171 non
624 2103 777 2194 trepidet
795 2125 857 2194 spe
873 2111 1040 2184 arrectuS,
1059 2101 1135 2170 fore
1151 2100 1213 2170 illo

166 2216 243 2307 ipso
264 2218 433 2309 temporis
457 2228 601 2310 puncto,
628 2228 670 2287 ut
695 2240 741 2287 ex
763 2217 902 2287 tumulo
930 2217 1077 2308 prodeat
1098 2227 1118 2257 “
1131 2214 1214 2307 My-

167 2353 305 2401 cenaeus
334 2355 543 2426 magnorum
571 2335 698 2404 ductor
724 2332 936 2414 Achivum‚”
961 2355 1042 2402 suas
1070 2333 1214 2424 injurias

166 2448 287 2517 statim
313 2447 477 2519 ulturus?
520 2447 658 2521 Verum
683 2470 726 2518 eo
751 2456 917 2541 portento
939 2470 1011 2516 non
1032 2447 1214 2539 indigebat

165 2559 321 2644 Orestes,
337 2563 422 2632 satis
438 2546 575 2633 scilicet
592 2572 748 2634 armatus
766 2562 883 2632 edicto
901 2560 1088 2653 Apollinis.
1141 2560 1215 2630 Ita-

165 2699 235 2768 que
256 2687 298 2746 ut
323 2700 397 2746 rem
423 2679 521 2747 brevi
547 2678 783 2770 complectar3
812 2678 886 2769 pari
909 2677 1050 2759 affectu,
1067 2676 1212 2768 pietate,

165 2790 322 2873 consilio,
348 2793 440 2883 apud
468 2792 675 2887 AEschylum
710 2793 799 2863 latet
829 2792 1090 2886 Agamemnon,
1118 2789 1211 2880 apud

167 2908 341 2978 Nostrum
365 2907 419 2978 bis
438 2916 538 2979 terve
561 2910 748 2980 adducitur
773 2912 810 2978 in
836 2931 977 2978 scenam
995 2905 1213 2976 Hamlethus

165 3034 276 3116 pater.
332 3023 510 3094 Pietatem
544 3025 602 3095 hic
632 3027 712 3095 dico
745 3025 855 3106 illam,
884 3047 966 3115 quae
1000 3023 1142 3114 ponitur
1175 3021 1212 3089 in

165 3139 298 3210 honore
315 3149 557 3224 mortuorum;
578 3164 624 3210 ne
641 3140 794 3210 violetur
810 3163 933 3209 eorum
951 3138 1127 3217 sanctitas
1141 3159 1212 3206 neu

165 3256 242 3346 quis
260 3255 452 3325 Poetarum
470 3267 606 3327 temere
622 3279 663 3327 ae
681 3255 808 3325 leviter
824 3255 1003 3324 terrestria
1020 3266 1057 3322 et
1074 3253 1211 3322 inferna

165 3370 323 3439 misceat.

216 3486 281 3557 Est
311 3497 348 3556 et
377 3486 446 3557 alia
471 3487 634 3577 quaedam
662 3486 790 3567 Pietas,
819 3487 1008 3556 liberorum
1039 3506 1122 3576 erga
1150 3506 1212 3574 pa-

165 3611 285 3673 rentes
302 3624 396 3674 suos:
421 3604 520 3694 cujus
537 3605 651 3674 omnis
667 3605 757 3673 ratio
775 3627 857 3673 cum
874 3603 963 3671 mire
980 3599 1213 3670 conturbetur

164 3716 261 3787 hisce
291 3718 396 3788 rebus
426 3716 727 3811 Agamemnoniis,
754 3741 868 3810 operae
893 3717 1045 3809 pretium
1072 3717 1139 3785 erit
1161 3716 1212 3784 vi-

164 3832 258 3913 dere,
284 3834 462 3923 quomodo
488 3856 535 3903 ex
564 3835 607 3903 iis
634 3833 767 3924 laqueis
795 3835 962 3925 expedire
989 3855 1027 3902 se
1053 3831 1210 3923 potuerit

164 3948 372 4041 AEschylus:
398 3949 457 4038 qui
477 3948 574 4039 locus
592 3950 685 4018 idern
704 3948 808 4041 plane
825 3952 903 4030 erit,
921 3959 1028 4041 atque
1045 3949 1084 4028 is,
1102 3968 1208 4037 quem

165 4073 366 4132 extremum
384 4063 459 4132 fore
477 4064 637 4134 dicebam
658 4062 834 4132 hodiernae
852 4063 1107 4156 disputationis.
1163 4059 1210 4142 Is,

581 4267 589 4289 ⁸
611 4258 722 4327 Οίιοὸρίι.
736 4271 796 4327 472.
