2834 4882
179 323 345 366 raanxxi.
375 310 439 365 tum
451 299 653 378 antaradum,
669 309 733 363 tum
741 310 810 384 post
824 322 890 364 οαιιι
899 309 1070 387 patratam.
1158 303 1223 370 397

232 470 406 560 Denique,
432 477 569 560 patrata
595 471 704 552 caede,
731 479 860 562 praesto
887 473 954 541 erit
983 493 1102 542 rursus
1127 472 1222 541 idem

182 609 264 656 eum
282 608 346 655 suo
360 583 488 654 Paeane
506 583 662 668 Chorus3
693 586 961 658 confirmaturus
978 587 1153 668 videlicet,
1170 609 1223 656 sa

183 699 353 770 orificium
379 698 468 768 illud
486 699 593 791 aequis
611 699 722 770 oeulis
747 723 769 770 a
787 700 865 771 Diis
888 700 1146 773 immortalibus
1162 702 1223 770 ad·

182 816 268 907 spici
279 825 316 884 ¹¹¹.

392 949 470 1017 ἔμολε
482 951 529 1019 μὲν
541 950 599 1004 δίκα
611 951 765 1021 Πριαμίδαις
775 954 871 1024 χρόνῳ,

390 1034 529 1105 βαρύδικος
540 1035 624 1090 ποινό.

392 1121 470 1188 ἔμολε
482 1120 504 1174 δ’
518 1122 544 1176 ἐς
556 1122 636 1189 δόμον
647 1123 692 1177 τὸν
702 1121 892 1192 Ἀγαμέμνονος

393 1205 500 1261 διπλοῦς
511 1206 587 1270 λε’ων,
599 1208 706 1263 διπλοῦς
711 1205 803 1278 Ἀρης.

392 1292 471 1345 ἔλακε
483 1291 505 1345 δ’
518 1293 544 1348 ἐς
555 1295 585 1348 τὸ
597 1295 648 1346 πᾶν
660 1296 674 1346 ό
685 1291 857 1364 πύθοχρὴσς-

392 1400 423 1435 ας
434 1380 528 1450 φογας,

392 1462 481 1517 θεόθεν
493 1461 521 1516 εὖ
533 1462 676 1532 φραδαῖσιν
688 1461 842 1532 ὡρμημένος.

393 1547 571 1616 ἐπολολύξατ’,
584 1544 613 1612 ὦ,
627 1547 794 1603 δεσποσύνων
806 1548 900 1616 δόμων.
911 1587 918 1603 .
928 1585 952 1602 ..

392 1635 470 1702 ἔμολε
483 1634 504 1688 δ’
517 1631 539 1706 ᾧ
550 1634 626 1703 με’λει
638 1634 793 1703 κρυπταδίου
803 1632 886 1703 μύχας

392 1720 542 1790 δολιόφρων
553 1718 643 1773 Ποινό.

392 1805 463 1876 ἔθιγε
475 1805 505 1874 δὴ
517 1805 588 1876 μόχα
599 1806 678 1876 χερὸς
689 1802 818 1874 ἐτητύμως

394 1892 455 1945 Διὸς
466 1893 537 1961 κόρα·
559 1891 638 1944 Δίκαν
649 1889 679 1943 δέ
690 1912 729 1944 νιν

392 1975 619 2047 προσαγορεύομεν
630 1977 722 2047 βροτοὶ
733 1977 825 2044 τυχόν-

392 2085 435 2118 πες
446 2064 537 2118 καλῶς·

394 2148 513 2219 ὀλέθριον
523 2147 628 2203 ardore*
641 2149 668 2203 ἔν
680 2148 784 2219 ε’χθροῖς
795 2149 878 2201 κόπον·

392 2233 487 2305 τόιπερ
499 2237 514 2287 ό
526 2236 620 2302 Λοξίας
632 2238 646 2288 ό
659 2233 815 2304 Παρνάσιος,

391 2317 472 2389 μέγαν
483 2320 550 2390 ἔχων
561 2322 644 2392 μυχόν
655 2319 750 2390 χθονός
761 2318 799 2373 ἐπ’
813 2317 895 2388 όχθει,

393 2402 462 2471 όξεν,
474 2403 575 2460 ἀδόλως
587 2405 684 2458 δολίαν.

183 2540 242 2610 Ita
259 2541 408 2625 “fervet,
425 2541 689 2633 immensusque
706 2541 796 2611 ruit”
814 2541 938 2622 Poeta,
952 2547 993 2609 ut
1010 2563 1055 2610 ue
1073 2540 1224 2631 spatium

93 2654 94 2658 ’
184 2656 327 2747 quidem
345 2657 491 2747 linquat,
504 2680 578 2726 rem
597 2658 708 2750 ipsam
726 2658 856 2726 intueri
872 2656 1093 2738 volentibus3
1110 2679 1225 2747 neque

183 2773 286 2842 facile
307 2773 497 2842 audeamus
523 2773 559 2840 id
585 2773 762 2864 appellare
784 2773 1018 2863 parricidium,
1037 2774 1131 2862 quod
1149 2780 1226 2841 tau-

183 2879 301 2940 torum
320 2870 520 2939 Numinum
538 2894 680 2941 assensu
697 2880 734 2942 et
752 2896 858 2963 opera
873 2873 1016 2965 geritur.

234 2986 361 3068 Quare,
374 2985 447 3055 sive
461 2985 610 3054 Choriea
627 2993 763 3076 spectes
777 2986 941 3066 carmina,
955 3007 1017 3053 seu
1034 2983 1102 3052 loei
1119 2983 1227 3074 ipsius

184 3107 221 3168 et
235 3122 349 3169 scenae
365 3100 550 3180 rationem,
561 3098 634 3168 sive
647 3099 872 3179 alternantes,
883 3119 1001 3167 eoram
1014 3096 1153 3166 tumulo
1167 3117 1227 3187 pa-

184 3215 257 3296 tris,
269 3214 423 3285 Electrae
440 3223 478 3283 et
491 3212 628 3283 Orestis
645 3236 778 3305 preces,
791 3236 853 3283 seu
866 3213 1015 3305 rigidam
1031 3210 1128 3290 illam
1145 3213 1228 3280 sim-

184 3328 378 3419 plicitatem
409 3329 563 3398 universi
592 3329 765 3410 carminis,
797 3326 903 3397 nullis
932 3350 1047 3418 neque
1077 3326 1228 3396 flexibus

186 3443 350 3513 Fortunae
368 3445 501 3526 variati,
515 3467 630 3534 neque
646 3445 840 3514 ambitiosis
858 3443 998 3512 dicendi
1014 3442 1226 3511 luminibus:

184 3582 265 3628 mea
277 3560 419 3650 quidem
434 3560 610 3628 sententia
623 3582 695 3628 non
707 3558 862 3627 multum
876 3558 1015 3640 errabit,
1027 3559 1087 3648 qui
1099 3557 1228 3627 dixerit

184 3672 276 3742 hane
298 3673 455 3743 fabulam
481 3675 525 3743 ad
550 3696 662 3767 genus
688 3673 891 3765 religiosum
916 3680 1022 3762 atque
1045 3671 1090 3741 ad
1111 3671 1229 3740 divina

186 3788 347 3859 facienda
362 3790 553 3881 plurimum
569 3788 757 3880 pertinere.

235 3921 353 3991 Venio
371 3944 464 4004 nune
482 3921 526 3989 ad
544 3918 675 3988 oraculi
694 3917 841 3987 Phoebei
863 3925 991 4008 partes,
1008 3915 1227 4008 gravissimas

186 4036 330 4126 quidem
347 4036 424 4106 illas
441 4044 478 4105 et
495 4035 703 4114 notissimas,
716 4041 795 4101 tum
813 4032 849 4099 in
865 4032 932 4101 hae
945 4030 1137 4124 Tragoedia,
1149 4038 1227 4098 tum

596 4297 612 4318 ¹¹¹
633 4288 743 4356 caorah.
756 4302 816 4358 935.
920 4282 921 4286 ¹
