2768 4876
167 309 231 372 482
435 305 614 370 Pindarum
629 326 697 370 nrm
712 304 833 391 aurigis
848 304 952 390 ἰοριοὶε
1018 327 1113 370 nunu.
1126 330 1218 374 xxiv.

218 475 418 546 Innumerae
434 499 538 568 porro
551 476 645 568 apud
664 498 746 546 eum
764 476 895 568 passim
912 484 1038 546 extant
1056 476 1220 548 similitu-

168 592 279 675 dines,
303 592 443 661 eduotae
469 614 515 661 ex
539 591 730 684 gymnasiis
756 600 793 660 et
818 591 1152 684 arenaOlympiaat
1177 603 1220 663 ut

166 707 271 777 facile
298 729 421 778 noscas
450 708 609 777 animum
644 708 823 777 imbutum
851 714 889 777 et
917 708 1098 779 intentum
1129 709 1220 801 ejus-

165 819 262 892 modi
279 821 414 892 studiis.
462 820 633 913 Exempli
650 822 765 914 gratia
775 815 796 903 f,

378 986 440 1056 εἴην,
453 989 548 1060 inquit,
562 989 717 1060 εὑρησιεπὴς
728 988 880 1061 ἀναγεῖσθαι

378 1073 535 1145 πρόσφορος
547 1074 574 1128 έν
586 1076 691 1130 Μοισᾶν
703 1075 800 1149 δίφρῳ·

378 1161 462 1229 τολμὰ
474 1161 503 1214 δὲ
515 1161 557 1214 καὶ
569 1160 726 1232 ἀμφιλαφὴς
738 1160 842 1230 δύναμις

378 1246 495 1302 ἕσποιτο.

165 1392 350 1488 Intelligas
371 1394 429 1464 hie
454 1393 554 1464 nullo
580 1395 736 1488 negotio,
763 1394 938 1465 obversari
965 1395 1084 1465 animo
1111 1396 1218 1490 serip-

165 1511 252 1580 toris
269 1512 422 1602 speeiem
436 1511 568 1603 aurigae
586 1533 657 1580 non
672 1512 801 1581 fmstra
814 1511 993 1581 tendentis
1010 1510 1216 1593 retinacula,

166 1627 229 1696 sed
258 1648 387 1720 magna
416 1633 496 1696 tum
525 1607 741 1696 conscientia
769 1626 897 1696 virium
926 1633 1005 1696 tum
1039 1647 1216 1718 prosperae

167 1739 316 1810 fortunae
333 1741 472 1810 fiducia.

217 1855 348 1948 Neque
374 1879 457 1926 vern
482 1855 571 1925 illud
600 1878 673 1925 non
698 1854 1012 1950 elegantissimum,
1038 1854 1134 1946 quod
1165 1855 1217 1924 in-

165 1993 347 2064 gressurus
372 1973 409 2040 in
435 1971 591 2041 fabulam
618 1972 795 2063 quandam
825 1971 939 2062 aperit
965 1970 1030 2040 sibi
1057 1971 1152 2039 viam
1173 1992 1216 2040 οο

166 2086 332 2171 elamore,
346 2110 416 2179 quo
434 2087 549 2157 solent
566 2088 620 2156 uti
634 2087 883 2179 quadrigarum
900 2094 1064 2169 rectores,
1076 2088 1216 2177 quaudo

164 2203 437 2296 progrediuntur
453 2204 490 2272 in
507 2202 667 2295 aprinum
685 2223 851 2294 eampum
862 2211 890 2269 8.

378 2371 399 2426 ὦ
411 2371 504 2437 Φίντις,
517 2372 587 2426 ἀλλὰ
600 2373 689 2441 ζεῦξον
700 2374 747 2443 ἤδη
759 2395 803 2442 μοι
816 2371 909 2429 σθένος
920 2371 1039 2442 ἡμιόνων,

377 2455 395 2530 ᾇ
406 2461 495 2531 τάχος,
507 2459 580 2532 ὄφρα
591 2459 703 2534 κελεύθῳ
715 2459 736 2515 τ’
750 2460 778 2515 έν
790 2460 888 2531 καθάρᾳ

375 2548 494 2614 βάσομεν
505 2546 592 2620 ὄκχον,
604 2546 697 2616 ἵκωμαί
707 2570 736 2602 τε
750 2550 816 2618 πρὸς
827 2547 926 2617 ἀνδρῶν

378 2633 419 2686 καὶ
430 2633 513 2704 γένος.

215 2776 282 2847 Est
298 2777 370 2861 ubi,
387 2780 586 2872 aurigarum
607 2801 717 2863 more,
734 2780 921 2872 profitetur
937 2801 979 2849 ae
995 2800 1070 2870 prae
1089 2798 1127 2848 se
1145 2778 1214 2848 fert

163 2892 378 2986 singularem
400 2894 554 2987 aliquam
578 2895 863 2977 sollicitudinem,
882 2917 928 2964 ne
952 2893 1044 2964 forte
1067 2915 1141 2963 non
1162 2891 1215 2962 in-

163 3015 265 3102 tegro
282 3033 386 3080 curru
403 3012 603 3103 pervenerit
620 3013 665 3081 ad
683 3019 816 3082 metam
834 3011 968 3080 vietor:

375 3171 510 3241 ἀκηράτοις
522 3172 604 3230 ἁνίαις

375 3260 523 3330 ποδαρκέων
535 3260 621 3315 δώδεκ’
633 3259 665 3316 ἂν
677 3262 779 3332 δρόμων
790 3261 903 3330 τέμενος.

375 3345 517 3402 κατέκλασε
528 3347 579 3417 γὰρ
592 3347 682 3402 ἐντέων
695 3347 787 3405 σθένος
799 3348 881 3410 οὐδέν,
893 3346 962 3402 ἀλλὰ
974 3343 1106 3418 κρέμαται,

375 3429 462 3487 ὅποσα
473 3435 595 3503 χεριαρᾶν

374 3521 499 3573 τεκτόνων
510 3519 661 3589 latidum?
674 3519 743 3591 ἄγων

376 3609 501 3676 Κρισαῖον
511 3609 599 3678 λόφον

375 3690 487 3764 ἄμειψεν
498 3693 525 3747 έν
537 3694 689 3748 κοιλόπεδον
700 3695 780 3751 νάπος

375 3777 444 3831 θεοῦ.

165 3919 356 4003 Nimirum,
378 3945 447 4014 qua
472 3947 556 3995 cura
578 3926 730 3996 vidimus
756 3927 838 4020 angi
861 3924 1061 3997 Homerum
1086 3922 1131 3994 de
1158 3949 1214 3996 ar·

163 4036 230 4105 mis
260 4036 410 4129 telisque
441 4046 478 4107 et
509 4042 605 4108 omni
635 4040 845 4111 bellantium
876 4049 1057 4134 apparatu,
1084 4041 1212 4111 eadem

321 4319 331 4356 ¹
344 4321 385 4375 Ol.
398 4339 424 4391 9.
441 4339 499 4376 120.
854 4335 865 4366 ν
883 4325 951 4378 ibid.
966 4327 990 4379 6.
1005 4339 1049 4395 37.
