2768 4876
163 313 227 379 734
298 309 425 372 Morari
442 307 606 392 Virgilium
620 307 654 369 iat
669 307 830 370 morum
845 305 969 370 mribus.
994 328 1091 368 rann.
1104 328 1216 369 xxxvi.

164 485 278 564 triam,
292 483 418 564 studia,
437 483 583 552 fortasse
608 489 646 549 et
667 480 821 562 acerbos,
840 502 928 571 qnos
945 489 1029 549 ante
1047 478 1216 559 tulerant,

164 622 273 669 casus.
329 597 410 667 Hoc
429 605 514 679 erat,
532 597 647 677 credo,
666 598 759 686 qnod
777 596 815 664 in
832 618 1019 665 numerum
1045 617 1215 665 caesorum

164 715 297 797 retulit,
315 725 434 783 nuncc

306 849 418 903 Crethea
430 849 572 902 Musarum
584 847 717 910 comitem,
730 847 775 901 cui
786 847 903 900 carmina
915 864 1019 917 semper

305 935 341 989 Et
352 935 460 989 citharae
472 933 554 997 cordi,
567 950 745 1004 numerosque
757 932 892 987 intendere
904 933 1008 987 nervis:

305 1022 416 1090 Semper
427 1037 510 1091 equos
522 1029 601 1090 atque
613 1035 686 1072 arma
696 1019 785 1072 virum
797 1036 953 1090 pugnasque
966 1019 1077 1072 canebat
1089 1040 1095 1071 ε

164 1113 284 1187 nunod

306 1236 431 1290 Herculis
444 1238 574 1290 Amorem
587 1236 719 1298 comitem,
730 1236 776 1306 qui
788 1236 887 1289 missus
899 1236 933 1289 ab
946 1235 1027 1305 Argis

306 1323 428 1378 Haeserat
440 1323 574 1386 Evandro,
587 1331 665 1393 atque
678 1321 745 1375 Itala
756 1321 910 1375 consederat
922 1321 1004 1375 urbe:

306 1410 440 1465 Sternitur
450 1409 542 1464 infelix
554 1411 639 1464 alieno
651 1410 769 1472 vulnere,
779 1411 926 1480 caelumque

305 1498 416 1567 Aspicit,
429 1506 455 1550 et
468 1497 559 1551 dulces
571 1496 687 1550 moriens
700 1496 878 1550 reminiscitur
889 1496 987 1565 Argos.

164 1611 288 1704 Atque
318 1613 384 1682 hoc
415 1614 451 1682 in
484 1613 562 1683 loco
590 1613 712 1706 religio
740 1613 832 1681 foret
861 1634 943 1682 enm
974 1613 1211 1703 praetereunti,

164 1751 271 1819 quem
298 1752 368 1797 non
396 1728 471 1798 sine
495 1729 670 1820 praecipuo
697 1729 848 1819 quodam
875 1727 1005 1797 affectu
1032 1727 1212 1796 nominare

165 1846 305 1914 videtur
323 1844 495 1938 Virgilius
505 1855 529 1924 ⁰,

362 1988 495 2042 Juvenem
507 2006 617 2043 exosum
630 1989 806 2060 nequicquam
817 1989 887 2043 bella
899 1990 1036 2042 Menoeten

304 2074 417 2138 Arcada,
430 2075 541 2143 piscosae
554 2075 597 2129 cui
609 2076 708 2129 circum
721 2075 832 2129 flumina
844 2075 937 2130 Lernae

304 2162 357 2215 Ars
369 2161 463 2224 fuerat,
477 2179 629 2232 pauperque
641 2160 747 2225 domus,
760 2180 809 2215 nec
821 2170 885 2215 nota
895 2169 1036 2229 potentum

305 2247 419 2311 Limina,
432 2248 616 2319 conductaque
627 2256 702 2317 pater
712 2248 805 2300 tellure
818 2248 928 2301 serebat.

165 2381 335 2452 Crederes
360 2383 518 2474 profecto
537 2384 692 2476 cogitare
710 2381 859 2451 Poetam
877 2383 921 2450 de
944 2380 1069 2450 colono
1094 2381 1211 2473 aliquo

166 2497 376 2579 Mantuano,
394 2521 500 2588 quem
518 2501 604 2591 ipse,
621 2522 709 2590 puer
726 2521 808 2567 cum
826 2508 929 2579 esset,
946 2499 1095 2567 noverit.
1145 2499 1213 2566 At-

165 2637 234 2704 que
258 2613 383 2682 horum
409 2615 546 2682 infinita
568 2623 622 2684 est
647 2637 764 2707 seges:
792 2637 904 2704 eaque
926 2614 1031 2704 plane
1052 2615 1211 2682 omnium

166 2730 226 2810 vis,
245 2738 285 2798 ut
313 2731 470 2798 animum
499 2729 678 2798 declarent
705 2752 862 2811 exosum,
879 2740 920 2797 ut
937 2731 987 2797 ait
1005 2729 1088 2819 ipse,
1108 2729 1211 2798 bella.

167 2844 296 2936 Neque
314 2843 387 2914 ullo
405 2855 566 2936 tempore
582 2846 676 2936 apud
690 2845 894 2937 Virgilium,
906 2856 947 2913 ut
966 2847 1001 2913 in
1018 2845 1212 2914 Homerico

165 2959 318 3041 Achille,
337 2961 466 3030 sentias
484 2969 521 3029 te
538 2962 649 3053 abripi
668 2963 764 3053 quasi
783 2963 935 3051 quodam
959 2962 1101 3030 turbine
1119 2984 1160 3030 ac
1178 2962 1211 3027 vi

164 3077 326 3170 gloriosae
352 3077 509 3145 militiae:
537 3100 651 3167 neque
669 3079 757 3146 adeo
775 3077 912 3169 fulgore
934 3078 995 3145 illo
1014 3078 1212 3169 praestringi

166 3190 295 3272 oculos,
313 3200 354 3260 ut
377 3214 422 3260 ne
448 3193 505 3259 cui
531 3201 685 3260 totores
710 3193 873 3260 immanis
895 3215 970 3261 esse
991 3192 1152 3260 videatur
1176 3201 1213 3259 et

166 3307 268 3375 unice
287 3306 503 3375 detestanda.

216 3419 310 3502 Quid
329 3421 435 3511 siquis
456 3421 500 3489 ab
519 3421 668 3490 AEneide
692 3422 833 3491 recedat
859 3420 1044 3512 paulisper,
1063 3421 1099 3488 in
1118 3431 1212 3490 oete-

166 3536 211 3602 ris
229 3547 325 3603 certe
343 3537 555 3605 carminibus
580 3538 738 3606 inveniet
756 3548 833 3606 tum
851 3535 919 3605 alia
937 3538 1066 3615 omnia,
1085 3537 1212 3626 quibus

166 3648 332 3719 declarari
358 3651 467 3741 possit
491 3652 629 3720 animus
655 3652 908 3721 incredibiliter
924 3652 974 3720 rei
993 3651 1135 3721 rusticae
1154 3652 1213 3720 de-

166 3763 270 3845 ditus,
289 3775 366 3833 tum
385 3767 502 3847 etiam,
522 3789 673 3857 quanam
691 3769 846 3837 maxime
864 3768 908 3836 de
925 3788 1031 3835 causa
1047 3765 1209 3834 militiam

166 3888 240 3947 tam
266 3882 392 3949 acerbe
417 3905 458 3951 ao
480 3884 622 3973 penitus
640 3885 754 3952 oderit
772 3884 903 3952 Poeta:
932 3883 1099 3950 nimirum
1124 3880 1211 3973 agri-

165 3993 320 4064 colarum
336 3996 585 4087 voluptatibus,
601 4007 637 4066 et
651 3999 724 4067 otio
737 3998 993 4077 rusticantium,
1007 3996 1095 4065 nihil
1113 3997 1210 4088 pejus

236 4237 249 4264 0
261 4229 328 4282 AEa.
337 4247 362 4299 9.
372 4242 431 4298 774.
575 4229 668 4283 Clibid.
679 4231 738 4299 778.
881 4239 893 4266 θ
906 4229 1095 4297 Ibid.12.517.
