2768 4876
165 305 230 373 792
259 302 370 366 Manes
383 301 469 386 apud
488 300 652 386 Virpilimn
666 299 828 364 vicentium
842 300 967 364 comites.
993 319 1091 362 rant.
1102 317 1213 358 xxm.

166 476 254 559 Quae
271 476 367 568 prius
384 476 492 544 etiam
511 495 557 554 se,
575 471 746 565 flagrante
757 472 834 562 jam
850 470 964 561 Troja,

306 594 370 648 Non
382 601 442 647 ante
455 593 538 647 oeulis
550 600 606 645 tam
619 592 697 655 clara,
709 590 851 645 videndam

307 677 422 742 Obtulit,
435 687 461 731 et
472 695 539 747 pura
549 694 595 746 per
607 685 712 731 noctem
723 677 783 731 luce
794 677 905 740 refulsit,

306 765 385 818 Alma
396 780 500 834 parens,
513 762 634 816 confessa
646 762 740 826 Deam,
753 763 890 834 qualisque
900 763 986 816 videri

306 849 446 914 coelicolis,
459 858 485 903 et
497 859 596 920 quanta
608 849 682 903 solet.

167 958 305 1028 Verum
319 957 407 1049 'quid
426 978 544 1025 moror
559 956 595 1023 in
609 978 647 1024 re
661 955 873 1024 manifesta?
898 954 1004 1046 plena
1022 962 1076 1024 est
1092 952 1212 1022 AEneis

166 1070 338 1163 ejusmodi
364 1069 687 1162 significationibus.
741 1068 826 1138 Non
857 1071 947 1152 dico,
974 1068 1089 1160 sylvas
1119 1066 1211 1157 apud

167 1209 247 1256 eum
273 1194 310 1255 et
334 1186 437 1255 litora
457 1185 674 1275 frequentari
693 1185 869 1278 Nymphis
888 1185 1103 1264 ludentibus,
1121 1183 1213 1253 aliis-

167 1324 236 1392 que
253 1303 289 1372 id
307 1324 419 1394 genus
432 1297 544 1383 Divis,
556 1324 643 1391 quos
657 1302 832 1370 minorum
848 1301 1021 1370 vocabant
1037 1299 1209 1393 gentium.

168 1417 264 1486 Nam
282 1416 370 1486 illud
388 1416 532 1507 quidem
551 1416 694 1506 Epicuri
718 1415 927 1484 commentis
947 1438 1019 1484 non
1035 1417 1126 1484 adeo
1145 1414 1212 1482 for-

167 1539 260 1598 tasse
289 1528 530 1621 repugnabat:
562 1527 621 1618 qui
649 1549 695 1596 ex
727 1528 856 1596 sanctis
883 1525 1041 1596 Deorum
1069 1546 1212 1594 suorum

167 1643 369 1735 corporibus
396 1644 543 1712 minime
571 1643 724 1736 negabat
752 1665 895 1712 manare
917 1641 1103 1711 simulacra
1121 1661 1213 1730 quae·

167 1761 260 1841 dam,
277 1781 355 1849 quae
380 1758 565 1828 hominum
592 1780 713 1828 sensus
736 1759 914 1827 interdurn
932 1758 1088 1826 ferirent.
1141 1754 1211 1825 Sed

167 1875 329 1944 Numina
351 1874 429 1944 haec
448 1873 648 1966 Virgiliana
671 1873 878 1943 mortalibus
895 1872 1043 1942 scultro
1065 1872 1211 1953 addunt,

166 2014 237 2060 non
263 1991 411 2060 comites
436 1991 554 2074 modo,
574 2012 694 2059 verum
722 1991 830 2059 etiam
856 2011 1017 2059 curarum
1042 1998 1080 2058 et
1098 1988 1212 2079 operis

166 2107 336 2198 cujusque
347 2105 544 2198 participes.
569 2105 612 2174 In
625 2128 668 2175 eo
681 2113 922 2186 versantur,ut
933 2104 1064 2196 absque
1076 2125 1113 2174 se
1124 2102 1212 2185 nihil

166 2220 282 2289 sinant
306 2221 379 2290 sive
403 2230 506 2291 atrox
532 2242 594 2290 seu
618 2220 821 2312 praeclarum
846 2219 900 2289 vel
925 2243 1029 2314 agere
1058 2219 1113 2288 vel
1138 2219 1211 2311 pati

166 2333 336 2402 homines
389 2333 505 2404 Immo
529 2337 623 2427 quod
647 2337 690 2405 ad
710 2335 838 2404 Manes
862 2336 1053 2426 praesertim
1072 2335 1210 2412 attinet,

166 2448 399 2518 circumdedit
415 2472 475 2520 eos
493 2450 667 2543 Virgilius
690 2451 855 2521 humanae
880 2453 971 2532 vitae,
991 2449 1090 2519 velut
1106 2472 1212 2541 prox·

165 2563 254 2631 imos
281 2565 450 2653 quosdam
477 2565 666 2634 custodes:
697 2587 778 2634 eum
803 2587 874 2633 non
901 2565 1048 2633 obscure
1076 2563 1210 2646 doceat,

166 2680 404 2767 repraesentari
418 2701 488 2760 ece,
504 2690 539 2748 et
553 2682 674 2749 adesse
692 2680 961 2770 quodammodo,
976 2678 1210 2770 proficiscenti

164 2793 292 2882 cuique
309 2816 372 2884 per
390 2795 497 2863 densa
515 2804 552 2863 et
569 2797 744 2886 profunda
762 2794 874 2865 loea⁵:

306 2913 385 2966 Ibant
397 2912 505 2967 obscuri
518 2915 573 2967 sola
586 2915 637 2968 sub
649 2924 727 2969 nocte
738 2933 786 2984 per
797 2915 929 2978 umbram,

306 2999 409 3070 Perque
421 2999 515 3053 domos
528 3001 599 3054 Ditis
612 3019 716 3065 vacuas,
729 3011 754 3055 et
767 3003 856 3055 inania
867 3019 949 3071 regna
956 3024 965 3064 3

307 3085 392 3143 Quale
404 3104 451 3155 per
463 3087 590 3140 incertam
604 3087 708 3140 Lunam
721 3087 771 3141 sub
783 3090 843 3141 luce
855 3088 971 3157 maligna

307 3172 357 3224 Est
368 3173 417 3224 iter
429 3172 457 3224 in
470 3173 559 3243 sylvis,
572 3173 620 3226 ubi
632 3175 726 3227 caelum
739 3173 858 3226 condidit
869 3173 965 3227 umbra

306 3257 421 3327 Jupiter,
434 3266 460 3310 et
472 3258 552 3312 rebus
565 3276 619 3311 nox
631 3260 740 3313 abstulit
752 3267 808 3312 atra
820 3261 942 3313 colorem.

215 3361 337 3432 Habet
366 3365 474 3433 etiam
505 3365 592 3434 illud
622 3364 733 3434 Poeta
759 3364 1003 3456 Pythagoricae
1033 3362 1211 3456 religionis

164 3476 354 3566 proprium,
372 3480 465 3569 quod
490 3479 699 3548 animalibus
726 3480 833 3547 etiam
857 3480 993 3547 ratione
1011 3479 1211 3547 carentibus

165 3591 289 3660 tribuit
307 3592 486 3661 interdum
505 3595 560 3682 (ut
578 3595 686 3685 ipsius
704 3603 783 3663 utar
800 3594 929 3685 verbis)

411 3722 513 3782 partem
526 3714 621 3768 divinae
634 3715 739 3777 mentis,
753 3723 779 3768 et
790 3714 903 3768 haustus

306 3796 452 3852 AEtherios.

166 3879 279 3962 Taceo
298 3894 355 3963 hio
374 3895 418 3965 de
436 3897 579 3987 apibus3
607 3899 668 3967 sed
687 3898 793 3966 velim
819 3897 1057 3979 consideretis,
1076 3919 1121 3965 an
1144 3894 1212 3964 tale

166 4005 299 4097 aliquid
332 4008 452 4090 lateat,
484 4012 544 4079 ubi
579 4014 698 4081 avium
734 4020 891 4081 catervas
924 4011 1059 4102 profert
1091 4010 1212 4090 Poeta,

167 4120 264 4189 velut
283 4123 327 4190 ad
345 4125 550 4194 umbrarum
568 4126 862 4195 similitudinem.

307 4241 418 4296 Umbrae
430 4243 504 4297 ibant
516 4253 609 4298 tenues
623 4246 815 4317 simulacraque
827 4246 886 4297 luce
899 4252 1045 4307 carentum,

342 4417 352 4443 ¹⁵
372 4410 439 4464 AEo.
454 4410 478 4463 6.
494 4411 554 4464 268.
803 4416 810 4444 ⁸
831 4415 924 4481 Georq.
937 4432 962 4479 4.
974 4427 1036 4483 472.
