2768 4876
169 316 358 362 rranxxxr·
379 296 421 362 Ut
430 295 691 382 Philosophorum,
703 296 750 360 ito
760 297 924 361 Poetarum
936 293 1134 358 orcntSmae.
1150 288 1212 354 631

168 467 251 537 dum
269 471 354 540 satis
371 472 510 562 experti
528 478 646 541 essent
665 469 836 547 homines,
855 488 960 557 quam
980 486 1102 555 pamm
1123 461 1214 531 vale-

168 594 220 654 ret
237 586 274 652 in
292 586 398 655 corde
420 585 603 655 hominum
622 583 799 675 explendo
818 583 901 650 vitae
927 601 1039 672 genus
1059 600 1120 647 seu
1138 577 1216 668 phi·

168 699 386 791 losophicum
419 699 493 769 sive
522 709 727 769 actuosum:
756 705 834 765 tum
861 697 1005 764 demum
1031 695 1067 762 in
1098 692 1214 761 lucem

168 836 225 884 eas
255 815 449 896 emersisse,
474 813 569 906 (quae
602 813 731 884 summi
759 811 828 880 Dei
856 818 910 879 est
940 809 1104 900 bonitas)
1131 830 1211 876 cum

162 927 236 1018 jam
262 928 463 1021 intelligere
488 930 659 1020 inciperet
681 927 830 1007 Natura,
848 948 953 1017 egere
978 946 1016 992 se
1043 922 1103 992 tali
1126 945 1212 1013 quo-

168 1044 248 1114 dam
267 1044 406 1114 solatio.

216 1156 343 1228 Unum
368 1156 456 1227 illud
479 1158 547 1228 hoc
571 1167 730 1248 tempore
747 1157 885 1237 addam,
902 1177 948 1223 ne
965 1153 1022 1223 cui
1040 1153 1131 1222 forte
1152 1175 1216 1222 nos

167 1271 203 1341 in
220 1272 289 1341 hac
306 1294 345 1341 re
362 1271 545 1341 videamur
569 1272 821 1342 somniantium
846 1269 959 1361 magis
976 1290 1081 1359 quam
1104 1267 1217 1359 philo-

166 1386 395 1479 sophantium
430 1387 584 1457 similes:
623 1388 778 1477 pendere
812 1383 1087 1475 disputationem
1123 1383 1215 1453 hanc

166 1523 312 1570 omnem
330 1523 376 1570 ex
394 1523 437 1570 eo
454 1501 676 1591 potissimum
694 1499 905 1580 discrimine,
921 1499 1014 1588 quod
1037 1498 1073 1565 in
1091 1505 1216 1567 natura

164 1623 245 1685 tum
268 1637 387 1684 rerum
404 1622 483 1683 tum
503 1615 688 1684 hominurn
705 1635 846 1704 quoque
869 1612 1044 1681 radicibus
1064 1611 1212 1680 infixum

163 1730 310 1822 penitus
343 1728 489 1799 haereat.
543 1727 686 1818 Nempe
716 1748 854 1796 summa
884 1724 952 1794 Illa
985 1749 1026 1794 ac
1061 1726 1217 1817 perfecta

164 1844 317 1916 Bonitas
344 1843 476 1935 duplici
504 1843 615 1911 ferme
648 1841 755 1910 modo
790 1841 939 1908 derivari
972 1863 1010 1908 se
1038 1839 1150 1909 voluit
1179 1841 1214 1910 in

164 1961 314 2029 miseros
339 1967 447 2049 atque
472 1979 581 2050 aegros
605 1953 792 2024 mortales:
819 1977 896 2045 quae
915 1954 1045 2046 partim
1063 1954 1217 2024 declare-

165 2084 228 2144 tur
252 2075 416 2143 universa
440 2072 506 2142 hac
530 2070 655 2140 mundi
681 2090 862 2161 compage,
889 2077 927 2137 et
957 2072 1133 2139 constanti
1163 2095 1215 2140 re

166 2210 247 2256 rum
272 2187 443 2269 omnium,
461 2210 541 2277 quae
567 2183 678 2254 oculis
705 2190 907 2264 cernuntur,
931 2181 1063 2264 ordine,
1088 2185 1217 2274 partim

166 2297 352 2372 flectendis
369 2322 486 2368 rerum
510 2299 745 2368 humanarum
761 2296 917 2366 habenis.
970 2294 1094 2387 Atque
1110 2320 1156 2367 ex
1174 2321 1217 2368 eo

167 2417 290 2486 statim
316 2415 444 2484 videtis
474 2414 590 2484 enasci
621 2413 778 2504 potuisse
808 2411 985 2502 duplicem
1015 2434 1085 2480 non
1110 2414 1216 2482 modo

168 2530 322 2600 Poeseos
340 2552 462 2600 verum
485 2530 592 2598 etiam
612 2527 850 2618 Philosophiae
867 2535 1011 2609 sectam,
1027 2529 1103 2618 ejus
1121 2528 1217 2596 vide-

168 2644 263 2727 licet,
281 2668 362 2735 quae
380 2645 424 2713 ad
445 2651 585 2712 tenena
602 2643 798 2734 pertineat:
820 2650 926 2732 prout
943 2642 1070 2733 cuique
1088 2642 1215 2712 feriant

168 2760 327 2828 animum
345 2757 591 2826 vehementius
615 2779 678 2826 seu
703 2778 758 2824 res
782 2755 965 2824 hominum
988 2756 1062 2824 sive
1082 2755 1157 2824 caeli
1174 2779 1216 2826 ac

168 2881 342 2942 terrarum
376 2871 523 2941 deliciae·
584 2871 712 2960 Itaque
750 2878 792 2937 ut
830 2870 955 2938 habuit
990 2868 1217 2960 Philosophia

168 2995 331 3056 veterum
356 2985 439 3054 hinc
458 2984 710 3076 Pythagoricos
733 3005 825 3064 suos,
846 2982 944 3053 illinc
962 2982 1112 3067 Ionicos,
1132 3006 1217 3074 qua·

169 3123 247 3168 rum
281 3098 494 3169 familiarum
526 3098 638 3167 altera
670 3096 855 3187 spectabat
885 3096 964 3166 caeli
998 3107 1149 3178 meatus,
1178 3105 1216 3165 31

168 3235 295 3282 aroana
321 3211 482 3294 Naturae,
509 3211 620 3281 altera
653 3211 807 3302 ponebat
835 3233 975 3280 omnem
1007 3234 1149 3303 operam
1179 3212 1217 3279 in

171 3323 265 3392 vario
296 3321 461 3391 Fortunae
491 3321 581 3405 lusu,
612 3331 719 3413 atque
749 3323 785 3391 in
817 3323 974 3392 moribus
1004 3331 1041 3390 et
1072 3322 1216 3392 urbibus

168 3435 373 3504 hominum:
405 3435 454 3504 sic
482 3435 671 3505 Poetarum
696 3436 804 3504 etiam
832 3435 898 3503 arti
929 3457 999 3503 non
1028 3434 1216 3504 defuerunt

169 3569 232 3616 sua
250 3547 409 3628 divortia,
426 3545 532 3616 simili
550 3546 661 3615 ferme
678 3545 757 3638 lege
774 3546 880 3614 facta.

219 3658 302 3728 Hoc
319 3682 429 3728 unum
448 3661 602 3729 maxime
619 3660 819 3729 interfuisse
834 3660 937 3728 video
954 3660 1048 3727 inter
1063 3657 1217 3749 philoso-

169 3773 320 3865 phorum
345 3774 518 3842 rationem
542 3782 580 3841 et
604 3783 797 3864 poetarum,
816 3774 910 3862 quod
934 3773 970 3840 in
994 3772 1097 3841 Poesi
1121 3773 1216 3863 prius

170 3887 283 3979 viguit
318 3885 551 3957 Homericum
581 3897 619 3956 et
646 3894 831 3956 actuosum
857 3909 992 3978 genus;
1025 3887 1071 3955 de
1098 3909 1215 3955 rerum

168 4009 305 4081 natura,
318 4001 434 4091 deque
450 4023 614 4070 arvorum
631 4000 743 4083 cultu,
760 4001 869 4069 serior
884 3998 1004 4091 paullo
1020 4008 1108 4068 aetas
1126 4001 1217 4068 ceci-

168 4114 233 4182 nit.
286 4112 391 4196 Quod
409 4122 532 4184 contra
549 4115 690 4206 penitus
707 4113 826 4183 evenit
850 4114 888 4182 in
913 4112 1038 4182 studiis
1056 4112 1216 4182 Philoso-

169 4227 269 4317 phiae.
323 4226 402 4296 Nisi
421 4228 512 4298 forte
530 4230 670 4299 cuidam
697 4229 832 4298 inanior
853 4227 943 4297 solet
962 4228 1070 4296 videri
1090 4229 1216 4296 decau-
