<?xml version="1.0" encoding="UTF-8"?>
<!DOCTYPE html PUBLIC "-//W3C//DTD XHTML 1.0 Transitional//EN"
    "http://www.w3.org/TR/xhtml1/DTD/xhtml1-transitional.dtd">
<html xmlns="http://www.w3.org/1999/xhtml" xml:lang="en" lang="en">
 <head>
  <title>
</title>
<meta http-equiv="Content-Type" content="text/html;charset=utf-8" />
  <meta name='ocr-system' content='tesseract 3.04.00' />
  <meta name='ocr-capabilities' content='ocr_page ocr_carea ocr_par ocr_line ocrx_word'/>
</head>
<body>
  <div class='ocr_page' id='page_1' title='image "./depoeticaevimed00keblgoog_0344.png"; bbox 0 0 2768 4876; ppageno 0'>
   <div class='ocr_carea' id='block_1_1' title="bbox 162 311 1222 397">
    <p class='ocr_par' dir='ltr' id='par_1_1' title="bbox 162 311 1222 397">
     <span class='ocr_line' id='line_1_1' title="bbox 162 311 1222 397; baseline 0.005 -22"><span class='ocrx_word' id='word_1_1' title='bbox 162 332 386 375; x_wconf 66' lang='lat' dir='ltr'>nauuxxxvr.</span> <span class='ocrx_word' id='word_1_2' title='bbox 419 333 575 397; x_wconf 75' lang='lat' dir='ltr'>amiquam</span> <span class='ocrx_word' id='word_1_3' title='bbox 588 312 753 375; x_wconf 75' lang='lat' dir='ltr'>Hommrm</span> <span class='ocrx_word' id='word_1_4' title='bbox 767 313 943 396; x_wconf 67' lang='lat' dir='ltr'>magistrum</span> <span class='ocrx_word' id='word_1_5' title='bbox 958 311 1100 396; x_wconf 74' lang='lat' dir='ltr'>appellat.</span> <span class='ocrx_word' id='word_1_6' title='bbox 1159 313 1222 380; x_wconf 76' lang='lat'>719</span> 
     </span>
    </p>
   </div>
   <div class='ocr_carea' id='block_1_2' title="bbox 168 480 1226 2064">
    <p class='ocr_par' dir='ltr' id='par_1_2' title="bbox 168 480 1223 1035">
     <span class='ocr_line' id='line_1_2' title="bbox 168 480 1222 573; baseline -0.004 -20"><span class='ocrx_word' id='word_1_7' title='bbox 168 485 270 554; x_wconf 83' lang='lat' dir='ltr'>uisse</span> <span class='ocrx_word' id='word_1_8' title='bbox 286 481 472 552; x_wconf 77' lang='lat' dir='ltr'>materiam</span> <span class='ocrx_word' id='word_1_9' title='bbox 484 480 582 550; x_wconf 88' lang='lat' dir='ltr'>illam</span> <span class='ocrx_word' id='word_1_10' title='bbox 596 480 808 564; x_wconf 80' lang='lat' dir='ltr'><strong>bellicosam,</strong></span> <span class='ocrx_word' id='word_1_11' title='bbox 819 481 881 550; x_wconf 88' lang='lat' dir='ltr'>sed</span> <span class='ocrx_word' id='word_1_12' title='bbox 892 482 1047 573; x_wconf 86' lang='lat' dir='ltr'>paruisse</span> <span class='ocrx_word' id='word_1_13' title='bbox 1060 503 1098 550; x_wconf 90' lang='lat' dir='ltr'>se</span> <span class='ocrx_word' id='word_1_14' title='bbox 1111 482 1222 550; x_wconf 90' lang='lat' dir='ltr'>moni·</span> 
     </span>
     <span class='ocr_line' id='line_1_3' title="bbox 172 595 1222 687; baseline -0.003 -20"><span class='ocrx_word' id='word_1_15' title='bbox 172 597 224 669; x_wconf 86' lang='lat' dir='ltr'>tis</span> <span class='ocrx_word' id='word_1_16' title='bbox 246 597 394 667; x_wconf 89' lang='lat' dir='ltr'>minime</span> <span class='ocrx_word' id='word_1_17' title='bbox 409 596 526 665; x_wconf 86' lang='lat' dir='ltr'>dubiis</span> <span class='ocrx_word' id='word_1_18' title='bbox 543 595 649 665; x_wconf 88' lang='lat' dir='ltr'>Genii</span> <span class='ocrx_word' id='word_1_19' title='bbox 672 597 736 678; x_wconf 89' lang='lat' dir='ltr'>sui,</span> <span class='ocrx_word' id='word_1_20' title='bbox 755 618 870 687; x_wconf 89' lang='lat' dir='ltr'>neque</span> <span class='ocrx_word' id='word_1_21' title='bbox 888 596 985 665; x_wconf 90' lang='lat' dir='ltr'>oncri</span> <span class='ocrx_word' id='word_1_22' title='bbox 1007 595 1222 675; x_wconf 84' lang='lat' dir='ltr'>successisse,</span> 
     </span>
     <span class='ocr_line' id='line_1_4' title="bbox 176 710 1223 804; baseline -0.006 -20"><span class='ocrx_word' id='word_1_23' title='bbox 176 714 236 784; x_wconf 90' lang='lat' dir='ltr'>cni</span> <span class='ocrx_word' id='word_1_24' title='bbox 261 734 386 804; x_wconf 87' lang='lat' dir='ltr'>parum</span> <span class='ocrx_word' id='word_1_25' title='bbox 410 719 516 804; x_wconf 88' lang='lat' dir='ltr'>aptus</span> <span class='ocrx_word' id='word_1_26' title='bbox 540 721 644 781; x_wconf 83' lang='lat' dir='ltr'>esset.</span> <span class='ocrx_word' id='word_1_27' title='bbox 686 710 834 783; x_wconf 90' lang='lat' dir='ltr'>Voleuti</span> <span class='ocrx_word' id='word_1_28' title='bbox 860 713 948 782; x_wconf 85' lang='lat' dir='ltr'>adeo</span> <span class='ocrx_word' id='word_1_29' title='bbox 976 734 1018 781; x_wconf 87' lang='grc'>10</span> <span class='ocrx_word' id='word_1_30' title='bbox 1046 710 1223 781; x_wconf 81' lang='lat' dir='ltr'>latissimo</span> 
     </span>
     <span class='ocr_line' id='line_1_5' title="bbox 177 824 1223 918; baseline -0.005 -21"><span class='ocrx_word' id='word_1_31' title='bbox 177 828 297 898; x_wconf 88' lang='lat' dir='ltr'>auimo</span> <span class='ocrx_word' id='word_1_32' title='bbox 326 826 499 918; x_wconf 79' lang='lat' dir='ltr'>recepisse</span> <span class='ocrx_word' id='word_1_33' title='bbox 536 847 574 896; x_wconf 89' lang='lat' dir='ltr'>se</span> <span class='ocrx_word' id='word_1_34' title='bbox 608 826 645 895; x_wconf 94' lang='lat' dir='ltr'>in</span> <span class='ocrx_word' id='word_1_35' title='bbox 679 848 742 896; x_wconf 90' lang='lat' dir='ltr'>sua</span> <span class='ocrx_word' id='word_1_36' title='bbox 774 824 955 906; x_wconf 82' lang='lat' dir='ltr'>silvestria,</span> <span class='ocrx_word' id='word_1_37' title='bbox 989 834 1157 916; x_wconf 77' lang='lat' dir='ltr'><strong>tanquam</strong></span> <span class='ocrx_word' id='word_1_38' title='bbox 1186 824 1223 893; x_wconf 91' lang='lat' dir='ltr'>iu</span> 
     </span>
     <span class='ocr_line' id='line_1_6' title="bbox 178 949 333 1035; baseline -0.013 -23"><span class='ocrx_word' id='word_1_39' title='bbox 178 949 333 1035; x_wconf 87' lang='lat' dir='ltr'>portum.</span> 
     </span>
    </p>

    <p class='ocr_par' dir='ltr' id='par_1_3' title="bbox 180 1055 1226 2064">
     <span class='ocr_line' id='line_1_7' title="bbox 239 1055 1225 1149; baseline -0.002 -23"><span class='ocrx_word' id='word_1_40' title='bbox 239 1055 350 1126; x_wconf 91' lang='lat' dir='ltr'>Porro</span> <span class='ocrx_word' id='word_1_41' title='bbox 374 1055 661 1126; x_wconf 87' lang='lat' dir='ltr'>animadvertatis</span> <span class='ocrx_word' id='word_1_42' title='bbox 687 1055 804 1138; x_wconf 83' lang='lat' dir='ltr'>velim,</span> <span class='ocrx_word' id='word_1_43' title='bbox 827 1055 938 1149; x_wconf 84' lang='lat' dir='ltr'>Tityri</span> <span class='ocrx_word' id='word_1_44' title='bbox 966 1058 1108 1126; x_wconf 91' lang='lat' dir='ltr'>nomine</span> <span class='ocrx_word' id='word_1_45' title='bbox 1135 1079 1225 1125; x_wconf 89' lang='lat' dir='ltr'>nun·</span> 
     </span>
     <span class='ocr_line' id='line_1_8' title="bbox 180 1170 1224 1264; baseline -0.002 -22"><span class='ocrx_word' id='word_1_46' title='bbox 180 1194 308 1264; x_wconf 88' lang='lat' dir='ltr'>cupare</span> <span class='ocrx_word' id='word_1_47' title='bbox 333 1194 371 1242; x_wconf 87' lang='lat' dir='ltr'>se</span> <span class='ocrx_word' id='word_1_48' title='bbox 396 1171 450 1242; x_wconf 89' lang='lat' dir='ltr'>his</span> <span class='ocrx_word' id='word_1_49' title='bbox 468 1172 625 1242; x_wconf 87' lang='lat' dir='ltr'>versibus</span> <span class='ocrx_word' id='word_1_50' title='bbox 643 1171 812 1242; x_wconf 88' lang='lat' dir='ltr'>Poetam:</span> <span class='ocrx_word' id='word_1_51' title='bbox 841 1194 886 1241; x_wconf 85' lang='lat' dir='ltr'>ex</span> <span class='ocrx_word' id='word_1_52' title='bbox 909 1194 980 1263; x_wconf 92' lang='lat' dir='ltr'>quo</span> <span class='ocrx_word' id='word_1_53' title='bbox 1004 1170 1224 1264; x_wconf 86' lang='lat' dir='ltr'>intelligitur,</span> 
     </span>
     <span class='ocr_line' id='line_1_9' title="bbox 181 1283 1225 1378; baseline 0 -22"><span class='ocrx_word' id='word_1_54' title='bbox 181 1309 257 1378; x_wconf 83' lang='lat' dir='ltr'>quae</span> <span class='ocrx_word' id='word_1_55' title='bbox 284 1286 369 1357; x_wconf 87' lang='lat' dir='ltr'>alias</span> <span class='ocrx_word' id='word_1_56' title='bbox 395 1309 466 1356; x_wconf 91' lang='lat' dir='ltr'>nou</span> <span class='ocrx_word' id='word_1_57' title='bbox 496 1308 608 1378; x_wconf 86' lang='lat' dir='ltr'>pauca</span> <span class='ocrx_word' id='word_1_58' title='bbox 635 1285 761 1356; x_wconf 88' lang='lat' dir='ltr'>eodem</span> <span class='ocrx_word' id='word_1_59' title='bbox 785 1288 928 1356; x_wconf 90' lang='lat' dir='ltr'>nomine</span> <span class='ocrx_word' id='word_1_60' title='bbox 953 1283 1156 1367; x_wconf 87' lang='lat' dir='ltr'>efferuntur,</span> <span class='ocrx_word' id='word_1_61' title='bbox 1182 1309 1225 1356; x_wconf 88' lang='grc'>11</span> 
     </span>
     <span class='ocr_line' id='line_1_10' title="bbox 181 1400 1223 1494; baseline 0 -24"><span class='ocrx_word' id='word_1_62' title='bbox 181 1403 299 1471; x_wconf 86' lang='lat' dir='ltr'>omnia</span> <span class='ocrx_word' id='word_1_63' title='bbox 324 1424 394 1471; x_wconf 91' lang='lat' dir='ltr'>non</span> <span class='ocrx_word' id='word_1_64' title='bbox 419 1401 513 1471; x_wconf 88' lang='lat' dir='ltr'>male</span> <span class='ocrx_word' id='word_1_65' title='bbox 538 1401 659 1472; x_wconf 83' lang='lat' dir='ltr'>referri</span> <span class='ocrx_word' id='word_1_66' title='bbox 676 1401 721 1471; x_wconf 93' lang='lat' dir='ltr'>ad</span> <span class='ocrx_word' id='word_1_67' title='bbox 734 1400 847 1494; x_wconf 86' lang='lat' dir='ltr'>&#39;ipsius</span> <span class='ocrx_word' id='word_1_68' title='bbox 865 1400 1006 1494; x_wconf 88' lang='lat' dir='ltr'>Virgilii</span> <span class='ocrx_word' id='word_1_69' title='bbox 1028 1422 1223 1492; x_wconf 88' lang='lat' dir='ltr'>personam.</span> 
     </span>
     <span class='ocr_line' id='line_1_11' title="bbox 182 1515 1226 1608; baseline 0.002 -24"><span class='ocrx_word' id='word_1_70' title='bbox 182 1515 304 1608; x_wconf 90' lang='lat' dir='ltr'>Atque</span> <span class='ocrx_word' id='word_1_71' title='bbox 322 1539 364 1587; x_wconf 88' lang='lat' dir='ltr'>ea</span> <span class='ocrx_word' id='word_1_72' title='bbox 380 1540 434 1587; x_wconf 89' lang='lat' dir='ltr'>res</span> <span class='ocrx_word' id='word_1_73' title='bbox 451 1539 556 1608; x_wconf 87' lang='lat' dir='ltr'>quam</span> <span class='ocrx_word' id='word_1_74' title='bbox 576 1518 648 1587; x_wconf 86' lang='lat' dir='ltr'>vim</span> <span class='ocrx_word' id='word_1_75' title='bbox 668 1516 797 1587; x_wconf 85' lang='lat' dir='ltr'>habeat</span> <span class='ocrx_word' id='word_1_76' title='bbox 822 1517 859 1586; x_wconf 91' lang='lat' dir='ltr'>in</span> <span class='ocrx_word' id='word_1_77' title='bbox 885 1516 1053 1586; x_wconf 90' lang='lat' dir='ltr'>hodierna</span> <span class='ocrx_word' id='word_1_78' title='bbox 1070 1517 1226 1608; x_wconf 87' lang='lat' dir='ltr'>disputa-</span> 
     </span>
     <span class='ocr_line' id='line_1_12' title="bbox 181 1630 1226 1724; baseline 0.002 -25"><span class='ocrx_word' id='word_1_79' title='bbox 181 1632 287 1714; x_wconf 87' lang='lat' dir='ltr'>tione,</span> <span class='ocrx_word' id='word_1_80' title='bbox 313 1639 393 1722; x_wconf 87' lang='lat' dir='ltr'>post</span> <span class='ocrx_word' id='word_1_81' title='bbox 423 1630 542 1724; x_wconf 92' lang='lat' dir='ltr'>paullo</span> <span class='ocrx_word' id='word_1_82' title='bbox 569 1632 760 1702; x_wconf 79' lang='lat' dir='ltr'>ridendum</span> <span class='ocrx_word' id='word_1_83' title='bbox 787 1632 864 1701; x_wconf 88' lang='lat' dir='ltr'>erit.</span> <span class='ocrx_word' id='word_1_84' title='bbox 918 1631 1026 1701; x_wconf 86' lang='lat' dir='ltr'>Nunc</span> <span class='ocrx_word' id='word_1_85' title='bbox 1051 1631 1139 1701; x_wconf 93' lang='lat' dir='ltr'>illud</span> <span class='ocrx_word' id='word_1_86' title='bbox 1164 1633 1226 1701; x_wconf 89' lang='lat' dir='ltr'>ad-</span> 
     </span>
     <span class='ocr_line' id='line_1_13' title="bbox 182 1744 1225 1839; baseline -0.001 -24"><span class='ocrx_word' id='word_1_87' title='bbox 182 1747 272 1829; x_wconf 86' lang='lat' dir='ltr'>dam,</span> <span class='ocrx_word' id='word_1_88' title='bbox 280 1744 482 1839; x_wconf 91' lang='lat' dir='ltr'>Virgilium,</span> <span class='ocrx_word' id='word_1_89' title='bbox 501 1770 583 1816; x_wconf 91' lang='lat' dir='ltr'>cum</span> <span class='ocrx_word' id='word_1_90' title='bbox 610 1746 734 1839; x_wconf 87' lang='lat' dir='ltr'>saepius</span> <span class='ocrx_word' id='word_1_91' title='bbox 755 1747 909 1816; x_wconf 82' lang='lat' dir='ltr'>fateatur</span> <span class='ocrx_word' id='word_1_92' title='bbox 925 1768 963 1816; x_wconf 90' lang='lat' dir='ltr'>se</span> <span class='ocrx_word' id='word_1_93' title='bbox 980 1746 1137 1839; x_wconf 87' lang='lat' dir='ltr'>vestigiis</span> <span class='ocrx_word' id='word_1_94' title='bbox 1161 1745 1225 1816; x_wconf 89' lang='lat' dir='ltr'>ali-</span> 
     </span>
     <span class='ocr_line' id='line_1_14' title="bbox 182 1859 1223 1954; baseline -0.002 -23"><span class='ocrx_word' id='word_1_95' title='bbox 182 1862 279 1954; x_wconf 86' lang='lat' dir='ltr'>cujus</span> <span class='ocrx_word' id='word_1_96' title='bbox 305 1861 459 1953; x_wconf 84' lang='lat' dir='ltr'>priorum</span> <span class='ocrx_word' id='word_1_97' title='bbox 485 1862 656 1943; x_wconf 85' lang='lat' dir='ltr'>insistere,</span> <span class='ocrx_word' id='word_1_98' title='bbox 675 1859 771 1929; x_wconf 91' lang='lat' dir='ltr'>nullo</span> <span class='ocrx_word' id='word_1_99' title='bbox 797 1870 916 1929; x_wconf 85' lang='lat' dir='ltr'>tamen</span> <span class='ocrx_word' id='word_1_100' title='bbox 941 1869 1113 1952; x_wconf 88' lang='lat' dir='ltr'>tempore,</span> <span class='ocrx_word' id='word_1_101' title='bbox 1130 1861 1223 1951; x_wconf 93' lang='lat' dir='ltr'>quod</span> 
     </span>
     <span class='ocr_line' id='line_1_15' title="bbox 181 1970 1225 2064; baseline -0.005 -20"><span class='ocrx_word' id='word_1_102' title='bbox 181 1976 298 2057; x_wconf 88' lang='lat' dir='ltr'>sciam,</span> <span class='ocrx_word' id='word_1_103' title='bbox 318 1973 515 2046; x_wconf 89' lang='lat' dir='ltr'>Homerum</span> <span class='ocrx_word' id='word_1_104' title='bbox 538 1984 720 2044; x_wconf 88' lang='lat' dir='ltr'>auctorem</span> <span class='ocrx_word' id='word_1_105' title='bbox 738 1973 980 2064; x_wconf 82' lang='lat' dir='ltr'>praeseferre.</span> <span class='ocrx_word' id='word_1_106' title='bbox 1032 1970 1225 2042; x_wconf 86' lang='lat' dir='ltr'>Pastoralia</span> 
     </span>
    </p>
   </div>
   <div class='ocr_carea' id='block_1_3' title="bbox 181 2081 1194 2180">
    <p class='ocr_par' dir='ltr' id='par_1_4' title="bbox 181 2081 1194 2180">
     <span class='ocr_line' id='line_1_16' title="bbox 181 2081 1194 2180; baseline -0.003 -23"><span class='ocrx_word' id='word_1_107' title='bbox 181 2091 274 2180; x_wconf 91' lang='lat' dir='ltr'>qnod</span> <span class='ocrx_word' id='word_1_108' title='bbox 292 2089 430 2171; x_wconf 89' lang='lat' dir='ltr'>attinet,</span> <span class='ocrx_word' id='word_1_109' title='bbox 448 2088 674 2160; x_wconf 83' lang='lat' dir='ltr'>Theocritum</span> <span class='ocrx_word' id='word_1_110' title='bbox 693 2088 764 2160; x_wconf 84' lang='lat' dir='ltr'>sibi.</span> <span class='ocrx_word' id='word_1_111' title='bbox 776 2088 931 2157; x_wconf 86' lang='lat' dir='ltr'>vindicat</span> <span class='ocrx_word' id='word_1_112' title='bbox 946 2088 1153 2180; x_wconf 87' lang='lat' dir='ltr'>magistrum</span> <span class='ocrx_word' id='word_1_113' title='bbox 1165 2081 1194 2154; x_wconf 78' lang='lat' dir='ltr'>f:</span> 
     </span>
    </p>
   </div>
   <div class='ocr_carea' id='block_1_4' title="bbox 321 2208 1093 2704">
    <p class='ocr_par' dir='ltr' id='par_1_5' title="bbox 322 2208 931 2280">
     <span class='ocr_line' id='line_1_17' title="bbox 322 2208 931 2280; baseline 0 -18"><span class='ocrx_word' id='word_1_114' title='bbox 322 2208 411 2262; x_wconf 87' lang='lat' dir='ltr'>Prima</span> <span class='ocrx_word' id='word_1_115' title='bbox 424 2208 563 2280; x_wconf 83' lang='lat' dir='ltr'>Syracosio</span> <span class='ocrx_word' id='word_1_116' title='bbox 575 2209 684 2280; x_wconf 83' lang='lat' dir='ltr'>dignata</span> <span class='ocrx_word' id='word_1_117' title='bbox 695 2218 736 2264; x_wconf 88' lang='lat' dir='ltr'>est</span> <span class='ocrx_word' id='word_1_118' title='bbox 747 2208 838 2263; x_wconf 87' lang='lat' dir='ltr'>ludere</span> <span class='ocrx_word' id='word_1_119' title='bbox 850 2226 931 2263; x_wconf 87' lang='lat' dir='ltr'>versu</span> 
     </span>
    </p>

    <p class='ocr_par' dir='ltr' id='par_1_6' title="bbox 321 2294 961 2367">
     <span class='ocr_line' id='line_1_18' title="bbox 321 2294 961 2367; baseline -0.002 -20"><span class='ocrx_word' id='word_1_120' title='bbox 321 2294 429 2357; x_wconf 85' lang='lat' dir='ltr'>Nostra,</span> <span class='ocrx_word' id='word_1_121' title='bbox 443 2312 491 2349; x_wconf 89' lang='lat' dir='ltr'>nec</span> <span class='ocrx_word' id='word_1_122' title='bbox 503 2295 609 2350; x_wconf 90' lang='lat' dir='ltr'>erubuit</span> <span class='ocrx_word' id='word_1_123' title='bbox 622 2298 708 2367; x_wconf 88' lang='lat' dir='ltr'>sylvas</span> <span class='ocrx_word' id='word_1_124' title='bbox 720 2295 847 2357; x_wconf 86' lang='lat' dir='ltr'>habitare,</span> <span class='ocrx_word' id='word_1_125' title='bbox 860 2294 961 2348; x_wconf 82' lang='lat' dir='ltr'>Thalia.</span> 
     </span>
    </p>

    <p class='ocr_par' dir='ltr' id='par_1_7' title="bbox 321 2379 946 2454">
     <span class='ocr_line' id='line_1_19' title="bbox 321 2379 946 2454; baseline 0.005 -22"><span class='ocrx_word' id='word_1_126' title='bbox 321 2388 337 2426; x_wconf 73' lang='lat'>8</span> <span class='ocrx_word' id='word_1_127' title='bbox 350 2379 475 2434; x_wconf 87' lang='lat' dir='ltr'>Sicelides</span> <span class='ocrx_word' id='word_1_128' title='bbox 488 2381 585 2445; x_wconf 82' lang='lat' dir='ltr'>Musae,</span> <span class='ocrx_word' id='word_1_129' title='bbox 598 2384 688 2452; x_wconf 90' lang='lat' dir='ltr'>paullo</span> <span class='ocrx_word' id='word_1_130' title='bbox 700 2383 799 2454; x_wconf 86' lang='lat' dir='ltr'>majora</span> <span class='ocrx_word' id='word_1_131' title='bbox 811 2400 946 2436; x_wconf 88' lang='lat' dir='ltr'>canamus.</span> 
     </span>
    </p>

    <p class='ocr_par' dir='ltr' id='par_1_8' title="bbox 321 2464 1048 2622">
     <span class='ocr_line' id='line_1_20' title="bbox 321 2464 1048 2539; baseline 0.001 -19"><span class='ocrx_word' id='word_1_132' title='bbox 321 2464 337 2504; x_wconf 80' lang='lat'>¹¹</span> <span class='ocrx_word' id='word_1_133' title='bbox 350 2465 410 2529; x_wconf 92' lang='lat' dir='ltr'>Ibo,</span> <span class='ocrx_word' id='word_1_134' title='bbox 422 2475 448 2520; x_wconf 87' lang='lat' dir='ltr'>et</span> <span class='ocrx_word' id='word_1_135' title='bbox 462 2466 614 2522; x_wconf 85' lang='lat' dir='ltr'>Chalcidico</span> <span class='ocrx_word' id='word_1_136' title='bbox 626 2487 686 2539; x_wconf 85' lang='lat' dir='ltr'>quae</span> <span class='ocrx_word' id='word_1_137' title='bbox 698 2477 762 2522; x_wconf 88' lang='lat' dir='ltr'>sunt</span> <span class='ocrx_word' id='word_1_138' title='bbox 773 2468 839 2522; x_wconf 89' lang='lat' dir='ltr'>mihi</span> <span class='ocrx_word' id='word_1_139' title='bbox 852 2467 958 2522; x_wconf 88' lang='lat' dir='ltr'>condita</span> <span class='ocrx_word' id='word_1_140' title='bbox 969 2485 1048 2522; x_wconf 88' lang='lat' dir='ltr'>versu</span> 
     </span>
     <span class='ocr_line' id='line_1_21' title="bbox 322 2551 941 2622; baseline 0.003 -17"><span class='ocrx_word' id='word_1_141' title='bbox 322 2551 448 2606; x_wconf 85' lang='lat' dir='ltr'>Carmina</span> <span class='ocrx_word' id='word_1_142' title='bbox 459 2555 572 2622; x_wconf 85' lang='lat' dir='ltr'>pastoris</span> <span class='ocrx_word' id='word_1_143' title='bbox 586 2554 668 2608; x_wconf 92' lang='lat' dir='ltr'>Siculi</span> <span class='ocrx_word' id='word_1_144' title='bbox 680 2554 839 2609; x_wconf 86' lang='lat' dir='ltr'>modulabor</span> <span class='ocrx_word' id='word_1_145' title='bbox 850 2571 941 2608; x_wconf 85' lang='lat' dir='ltr'>avena.</span> 
     </span>
    </p>

    <p class='ocr_par' dir='ltr' id='par_1_9' title="bbox 322 2637 1093 2704">
     <span class='ocr_line' id='line_1_22' title="bbox 322 2637 1093 2704; baseline 0.004 -14"><span class='ocrx_word' id='word_1_146' title='bbox 322 2638 330 2677; x_wconf 86' lang='lat'><strong>¹</strong></span> <span class='ocrx_word' id='word_1_147' title='bbox 344 2637 501 2693; x_wconf 86' lang='lat' dir='ltr'>Extremum</span> <span class='ocrx_word' id='word_1_148' title='bbox 512 2639 594 2703; x_wconf 92' lang='lat' dir='ltr'>hunc,</span> <span class='ocrx_word' id='word_1_149' title='bbox 607 2640 749 2704; x_wconf 87' lang='lat' dir='ltr'>Arethusa,</span> <span class='ocrx_word' id='word_1_150' title='bbox 762 2640 829 2693; x_wconf 90' lang='lat' dir='ltr'>mihi</span> <span class='ocrx_word' id='word_1_151' title='bbox 841 2639 956 2694; x_wconf 90' lang='lat' dir='ltr'>concede</span> <span class='ocrx_word' id='word_1_152' title='bbox 966 2639 1093 2694; x_wconf 86' lang='lat' dir='ltr'>laborem.</span> 
     </span>
    </p>
   </div>
   <div class='ocr_carea' id='block_1_5' title="bbox 180 2750 1230 3766">
    <p class='ocr_par' dir='ltr' id='par_1_10' title="bbox 180 2750 1228 3536">
     <span class='ocr_line' id='line_1_23' title="bbox 181 2750 1226 2844; baseline 0.001 -24"><span class='ocrx_word' id='word_1_153' title='bbox 181 2750 318 2822; x_wconf 91' lang='lat' dir='ltr'>Possim</span> <span class='ocrx_word' id='word_1_154' title='bbox 356 2750 443 2821; x_wconf 88' lang='lat' dir='ltr'>alios</span> <span class='ocrx_word' id='word_1_155' title='bbox 483 2753 639 2843; x_wconf 87' lang='lat' dir='ltr'>proferre</span> <span class='ocrx_word' id='word_1_156' title='bbox 673 2776 802 2834; x_wconf 88' lang='lat' dir='ltr'>versus,</span> <span class='ocrx_word' id='word_1_157' title='bbox 838 2753 965 2844; x_wconf 89' lang='lat' dir='ltr'>quibus</span> <span class='ocrx_word' id='word_1_158' title='bbox 998 2753 1091 2821; x_wconf 89' lang='lat' dir='ltr'>idem</span> <span class='ocrx_word' id='word_1_159' title='bbox 1129 2754 1226 2842; x_wconf 83' lang='lat' dir='ltr'>quasi</span> 
     </span>
     <span class='ocr_line' id='line_1_24' title="bbox 181 2868 1226 2958; baseline 0 -22"><span class='ocrx_word' id='word_1_160' title='bbox 181 2868 302 2937; x_wconf 87' lang='lat' dir='ltr'>dedita</span> <span class='ocrx_word' id='word_1_161' title='bbox 327 2890 445 2958; x_wconf 89' lang='lat' dir='ltr'>opera,</span> <span class='ocrx_word' id='word_1_162' title='bbox 472 2869 581 2938; x_wconf 88' lang='lat' dir='ltr'>immo</span> <span class='ocrx_word' id='word_1_163' title='bbox 606 2892 677 2938; x_wconf 91' lang='lat' dir='ltr'>non</span> <span class='ocrx_word' id='word_1_164' title='bbox 704 2871 779 2939; x_wconf 88' lang='lat' dir='ltr'>sine</span> <span class='ocrx_word' id='word_1_165' title='bbox 803 2869 1040 2939; x_wconf 82' lang='lat' dir='ltr'>delectatione</span> <span class='ocrx_word' id='word_1_166' title='bbox 1066 2869 1226 2958; x_wconf 86' lang='lat' dir='ltr'>quadam,</span> 
     </span>
     <span class='ocr_line' id='line_1_25' title="bbox 181 2983 1227 3075; baseline 0.001 -24"><span class='ocrx_word' id='word_1_167' title='bbox 181 2983 296 3064; x_wconf 86' lang='lat' dir='ltr'>docet,</span> <span class='ocrx_word' id='word_1_168' title='bbox 324 2983 501 3074; x_wconf 88' lang='lat' dir='ltr'>pertinere</span> <span class='ocrx_word' id='word_1_169' title='bbox 531 3008 569 3054; x_wconf 91' lang='lat' dir='ltr'>se</span> <span class='ocrx_word' id='word_1_170' title='bbox 598 2986 643 3054; x_wconf 87' lang='lat' dir='ltr'>ad</span> <span class='ocrx_word' id='word_1_171' title='bbox 673 2985 811 3055; x_wconf 86' lang='lat' dir='ltr'>Siculos</span> <span class='ocrx_word' id='word_1_172' title='bbox 841 2993 948 3075; x_wconf 86' lang='lat' dir='ltr'>atque</span> <span class='ocrx_word' id='word_1_173' title='bbox 978 2985 1022 3053; x_wconf 86' lang='lat' dir='ltr'>ad</span> <span class='ocrx_word' id='word_1_174' title='bbox 1049 2984 1227 3053; x_wconf 84' lang='lat' dir='ltr'>Theocriti</span> 
     </span>
     <span class='ocr_line' id='line_1_26' title="bbox 180 3095 1227 3192; baseline 0.001 -27"><span class='ocrx_word' id='word_1_175' title='bbox 180 3095 362 3168; x_wconf 85' lang='lat' dir='ltr'>familiam.</span> <span class='ocrx_word' id='word_1_176' title='bbox 413 3097 533 3169; x_wconf 89' lang='lat' dir='ltr'>Etiam</span> <span class='ocrx_word' id='word_1_177' title='bbox 558 3101 617 3169; x_wconf 89' lang='lat' dir='ltr'>ubi</span> <span class='ocrx_word' id='word_1_178' title='bbox 644 3101 689 3169; x_wconf 88' lang='lat' dir='ltr'>ad</span> <span class='ocrx_word' id='word_1_179' title='bbox 712 3099 887 3192; x_wconf 85' lang='lat' dir='ltr'>Georgica</span> <span class='ocrx_word' id='word_1_180' title='bbox 903 3111 1048 3170; x_wconf 87' lang='lat' dir='ltr'>ventum</span> <span class='ocrx_word' id='word_1_181' title='bbox 1075 3111 1139 3182; x_wconf 88' lang='lat' dir='ltr'>est,</span> <span class='ocrx_word' id='word_1_182' title='bbox 1157 3122 1227 3167; x_wconf 91' lang='lat' dir='ltr'>non</span> 
     </span>
     <span class='ocr_line' id='line_1_27' title="bbox 181 3211 1228 3305; baseline 0.002 -26"><span class='ocrx_word' id='word_1_183' title='bbox 181 3221 325 3280; x_wconf 90' lang='lat' dir='ltr'>veretur</span> <span class='ocrx_word' id='word_1_184' title='bbox 342 3211 559 3304; x_wconf 85' lang='lat' dir='ltr'>Scriptorum</span> <span class='ocrx_word' id='word_1_185' title='bbox 583 3214 884 3305; x_wconf 85' lang='lat' dir='ltr'>prudentissimus,</span> <span class='ocrx_word' id='word_1_186' title='bbox 904 3236 1042 3283; x_wconf 87' lang='lat' dir='ltr'>sumere</span> <span class='ocrx_word' id='word_1_187' title='bbox 1068 3213 1133 3282; x_wconf 89' lang='lat' dir='ltr'>sihi</span> <span class='ocrx_word' id='word_1_188' title='bbox 1153 3212 1228 3281; x_wconf 91' lang='lat' dir='ltr'>He·</span> 
     </span>
     <span class='ocr_line' id='line_1_28' title="bbox 181 3325 456 3419; baseline 0.011 -24"><span class='ocrx_word' id='word_1_189' title='bbox 181 3327 271 3396; x_wconf 89' lang='lat' dir='ltr'>siodi</span> <span class='ocrx_word' id='word_1_190' title='bbox 288 3325 456 3419; x_wconf 70' lang='lat' dir='ltr'>partesl‘:</span> 
     </span>
     <span class='ocr_line' id='line_1_29' title="bbox 332 3462 1115 3536; baseline 0.008 -21"><span class='ocrx_word' id='word_1_191' title='bbox 332 3462 523 3534; x_wconf 80' lang='lat' dir='ltr'>Ascraeumque</span> <span class='ocrx_word' id='word_1_192' title='bbox 535 3481 602 3518; x_wconf 88' lang='lat' dir='ltr'>cano</span> <span class='ocrx_word' id='word_1_193' title='bbox 615 3463 735 3520; x_wconf 85' lang='lat' dir='ltr'>Romana</span> <span class='ocrx_word' id='word_1_194' title='bbox 746 3483 793 3535; x_wconf 91' lang='lat' dir='ltr'>per</span> <span class='ocrx_word' id='word_1_195' title='bbox 805 3465 903 3536; x_wconf 89' lang='lat' dir='ltr'>oppida</span> <span class='ocrx_word' id='word_1_196' title='bbox 914 3482 1029 3520; x_wconf 88' lang='lat' dir='ltr'>carmen.</span> <span class='ocrx_word' id='word_1_197' title='bbox 1110 3465 1115 3475; x_wconf 91' lang='lat'><em>&#39;</em></span> 
     </span>
    </p>

    <p class='ocr_par' dir='ltr' id='par_1_11' title="bbox 180 3574 1230 3766">
     <span class='ocr_line' id='line_1_30' title="bbox 181 3574 1228 3672; baseline 0.006 -29"><span class='ocrx_word' id='word_1_198' title='bbox 181 3574 234 3644; x_wconf 87' lang='lat' dir='ltr'>At</span> <span class='ocrx_word' id='word_1_199' title='bbox 260 3577 296 3644; x_wconf 93' lang='lat' dir='ltr'>in</span> <span class='ocrx_word' id='word_1_200' title='bbox 323 3577 431 3658; x_wconf 91' lang='lat' dir='ltr'>omni,</span> <span class='ocrx_word' id='word_1_201' title='bbox 449 3599 556 3668; x_wconf 89' lang='lat' dir='ltr'>quam</span> <span class='ocrx_word' id='word_1_202' title='bbox 582 3578 687 3672; x_wconf 89' lang='lat' dir='ltr'>longa</span> <span class='ocrx_word' id='word_1_203' title='bbox 712 3588 776 3661; x_wconf 90' lang='lat' dir='ltr'>est,</span> <span class='ocrx_word' id='word_1_204' title='bbox 795 3581 956 3662; x_wconf 81' lang='lat' dir='ltr'>AEneide,</span> <span class='ocrx_word' id='word_1_205' title='bbox 980 3580 1064 3649; x_wconf 87' lang='lat' dir='ltr'>licet</span> <span class='ocrx_word' id='word_1_206' title='bbox 1090 3580 1228 3650; x_wconf 88' lang='lat' dir='ltr'>assidue</span> 
     </span>
     <span class='ocr_line' id='line_1_31' title="bbox 180 3690 1230 3766; baseline 0.006 -9"><span class='ocrx_word' id='word_1_207' title='bbox 180 3712 251 3758; x_wconf 89' lang='lat' dir='ltr'>non</span> <span class='ocrx_word' id='word_1_208' title='bbox 277 3690 383 3759; x_wconf 93' lang='lat' dir='ltr'>modo</span> <span class='ocrx_word' id='word_1_209' title='bbox 405 3693 566 3761; x_wconf 88' lang='lat' dir='ltr'>imitetur</span> <span class='ocrx_word' id='word_1_210' title='bbox 588 3716 710 3762; x_wconf 90' lang='lat' dir='ltr'>verum</span> <span class='ocrx_word' id='word_1_211' title='bbox 734 3695 842 3764; x_wconf 85' lang='lat' dir='ltr'>etiam</span> <span class='ocrx_word' id='word_1_212' title='bbox 869 3694 984 3766; x_wconf 89' lang='lat' dir='ltr'>verbis</span> <span class='ocrx_word' id='word_1_213' title='bbox 1009 3695 1230 3766; x_wconf 75' lang='grc' dir='ltr'><strong>11111111Ηο-</strong></span> 
     </span>
    </p>
   </div>
   <div class='ocr_carea' id='block_1_6' title="bbox 181 3802 1230 4012">
    <p class='ocr_par' dir='ltr' id='par_1_12' title="bbox 181 3802 1230 4012">
     <span class='ocr_line' id='line_1_32' title="bbox 181 3802 1230 3902; baseline 0.008 -31"><span class='ocrx_word' id='word_1_214' title='bbox 181 3802 321 3885; x_wconf 87' lang='lat' dir='ltr'>merica,</span> <span class='ocrx_word' id='word_1_215' title='bbox 348 3826 528 3895; x_wconf 88' lang='lat' dir='ltr'>nunquam</span> <span class='ocrx_word' id='word_1_216' title='bbox 555 3809 711 3878; x_wconf 90' lang='lat' dir='ltr'>invenies</span> <span class='ocrx_word' id='word_1_217' title='bbox 737 3810 798 3878; x_wconf 91' lang='lat' dir='ltr'>ubi</span> <span class='ocrx_word' id='word_1_218' title='bbox 825 3809 967 3879; x_wconf 91' lang='lat' dir='ltr'>nomine</span> <span class='ocrx_word' id='word_1_219' title='bbox 988 3809 1144 3902; x_wconf 86' lang='lat' dir='ltr'>appellet</span> <span class='ocrx_word' id='word_1_220' title='bbox 1162 3809 1230 3879; x_wconf 89' lang='grc' dir='ltr'>Ρ1-</span> 
     </span>
     <span class='ocr_line' id='line_1_33' title="bbox 181 3915 1227 4012; baseline 0.005 -29"><span class='ocrx_word' id='word_1_221' title='bbox 181 3922 272 3984; x_wconf 89' lang='lat' dir='ltr'>trem</span> <span class='ocrx_word' id='word_1_222' title='bbox 303 3915 404 3985; x_wconf 89' lang='lat' dir='ltr'>illum</span> <span class='ocrx_word' id='word_1_223' title='bbox 436 3924 473 3986; x_wconf 87' lang='lat' dir='ltr'>et</span> <span class='ocrx_word' id='word_1_224' title='bbox 503 3940 619 3988; x_wconf 89' lang='lat' dir='ltr'>rerum</span> <span class='ocrx_word' id='word_1_225' title='bbox 649 3917 900 3991; x_wconf 85' lang='lat' dir='ltr'>Inventorem:</span> <span class='ocrx_word' id='word_1_226' title='bbox 929 3921 1088 3989; x_wconf 86' lang='lat' dir='ltr'>crederes</span> <span class='ocrx_word' id='word_1_227' title='bbox 1119 3943 1227 4012; x_wconf 85' lang='lat' dir='ltr'>paene,</span> 
     </span>
    </p>
   </div>
   <div class='ocr_carea' id='block_1_7' title="bbox 181 4028 1229 4239">
    <p class='ocr_par' dir='ltr' id='par_1_13' title="bbox 181 4028 1229 4239">
     <span class='ocr_line' id='line_1_34' title="bbox 181 4028 1229 4126; baseline 0.006 -29"><span class='ocrx_word' id='word_1_228' title='bbox 181 4028 352 4122; x_wconf 87' lang='lat' dir='ltr'>religione</span> <span class='ocrx_word' id='word_1_229' title='bbox 386 4029 503 4121; x_wconf 88' lang='lat' dir='ltr'>aliqua</span> <span class='ocrx_word' id='word_1_230' title='bbox 538 4035 659 4102; x_wconf 85' lang='lat' dir='ltr'>vetari.</span> <span class='ocrx_word' id='word_1_231' title='bbox 716 4034 846 4104; x_wconf 91' lang='lat' dir='ltr'>Noluit</span> <span class='ocrx_word' id='word_1_232' title='bbox 877 4035 1052 4114; x_wconf 90' lang='lat' dir='ltr'>videlicet,</span> <span class='ocrx_word' id='word_1_233' title='bbox 1083 4058 1146 4126; x_wconf 89' lang='lat' dir='ltr'>pro</span> <span class='ocrx_word' id='word_1_234' title='bbox 1176 4036 1229 4103; x_wconf 92' lang='lat' dir='ltr'>in-</span> 
     </span>
     <span class='ocr_line' id='line_1_35' title="bbox 181 4146 1229 4239; baseline 0.006 -28"><span class='ocrx_word' id='word_1_235' title='bbox 181 4164 308 4234; x_wconf 88' lang='lat' dir='ltr'>genua,</span> <span class='ocrx_word' id='word_1_236' title='bbox 325 4166 395 4235; x_wconf 88' lang='lat' dir='ltr'>qua</span> <span class='ocrx_word' id='word_1_237' title='bbox 412 4152 498 4227; x_wconf 87' lang='lat' dir='ltr'>erat,</span> <span class='ocrx_word' id='word_1_238' title='bbox 516 4146 644 4228; x_wconf 92' lang='lat' dir='ltr'>indole,</span> <span class='ocrx_word' id='word_1_239' title='bbox 663 4147 779 4219; x_wconf 89' lang='lat' dir='ltr'>locum</span> <span class='ocrx_word' id='word_1_240' title='bbox 802 4149 862 4218; x_wconf 92' lang='lat' dir='ltr'>ille</span> <span class='ocrx_word' id='word_1_241' title='bbox 881 4149 937 4219; x_wconf 89' lang='lat' dir='ltr'>vel</span> <span class='ocrx_word' id='word_1_242' title='bbox 958 4148 1125 4218; x_wconf 87' lang='lat' dir='ltr'>ultimum</span> <span class='ocrx_word' id='word_1_243' title='bbox 1150 4170 1229 4239; x_wconf 88' lang='lat' dir='ltr'>pos-</span> 
     </span>
    </p>
   </div>
   <div class='ocr_carea' id='block_1_8' title="bbox 202 4307 1210 4399">
    <p class='ocr_par' dir='ltr' id='par_1_14' title="bbox 202 4307 1210 4399">
     <span class='ocr_line' id='line_1_36' title="bbox 202 4307 1210 4399; baseline 0.003 -36"><span class='ocrx_word' id='word_1_244' title='bbox 202 4307 364 4399; x_wconf 66' lang='lat' dir='ltr'>fllcl.6.1.</span> <span class='ocrx_word' id='word_1_245' title='bbox 435 4321 527 4378; x_wconf 69' lang='lat'>841.</span> <span class='ocrx_word' id='word_1_246' title='bbox 599 4312 729 4384; x_wconf 78' lang='lat' dir='ltr'>hro.50.</span> <span class='ocrx_word' id='word_1_247' title='bbox 801 4314 903 4369; x_wconf 88' lang='lat' dir='ltr'>i10.1.</span> <span class='ocrx_word' id='word_1_248' title='bbox 975 4314 1210 4384; x_wconf 61' lang='grc' dir='ltr'>ιι(1101111176.</span> 
     </span>
    </p>
   </div>
   <div class='ocr_carea' id='block_1_9' title="bbox 0 0 1396 4876">
    <p class='ocr_par' dir='ltr' id='par_1_15' title="bbox 0 0 1396 4876">
     <span class='ocr_line' id='line_1_37' title="bbox 0 0 1396 4876; baseline 0 0"><span class='ocrx_word' id='word_1_249' title='bbox 0 0 1396 4876; x_wconf 95' lang='lat' dir='ltr'> </span> 
     </span>
    </p>
   </div>
  </div>
 </body>
</html>
