2768 4876
163 329 227 393 708
452 324 627 387 Lucretiam
641 320 766 407 infinito
780 331 922 404 spectaro,
1001 343 1098 382 rann.
1111 343 1217 382 xxxv.-

306 493 371 556 Nec,
386 492 419 546 de
430 510 539 562 corpore
551 509 611 562 quae
623 500 715 545 sancto
728 491 867 544 simulacra
878 490 1002 543 feruntur

304 578 337 632 ln
349 588 451 632 mentes
463 578 605 632 hominum
618 577 713 631 divinae
726 578 823 631 nuncia
834 577 936 639 formae,

306 665 444 734 Suscipere
455 665 512 718 haec
524 664 606 717 animi
618 664 758 734 tranquilla
770 681 833 732 pace
845 662 953 716 valebis.

166 779 275 849 Plane
293 781 390 869 quasi
412 779 559 847 minime
577 777 692 847 vitalis
709 778 754 846 sit
772 778 855 855 vita,
873 776 939 844 nisi
958 775 1063 843 detur
1086 773 1211 865 aliquis

164 916 370 986 congressus
395 901 432 961 et
458 893 659 962 communio
684 891 867 961 hominum
891 912 973 959 oum
991 889 1112 959 divina
1129 913 1213 981 qua·

167 1009 247 1078 darn
266 1018 303 1078 et
321 1008 451 1078 caelesti
469 1006 611 1077 familia.
670 1083 673 1090 ,

216 1123 364 1203 Deinde,
391 1124 450 1213 qui
482 1122 624 1205 Bacchi,
653 1121 828 1204 Herculis,
856 1130 1066 1190 caeterorum
1099 1119 1212 1208 rejicit

166 1247 273 1329 atque
305 1247 510 1329 aspernatur
540 1238 709 1318 historiae,
736 1238 830 1306 idem
860 1259 931 1305 non
959 1243 1103 1304 veretur
1130 1233 1212 1325 Epi-

166 1376 288 1422 curum
316 1355 470 1421 suumin
490 1375 676 1420 numemm
693 1352 851 1421 Deorum
877 1348 1132 1420 immortalium
1160 1372 1212 1417 re-

167 1469 292 1537 ferre⁰.

307 1610 373 1664 Haec
385 1610 467 1680 igitur
479 1611 525 1682 qni
538 1618 635 1664 cuncta
647 1610 788 1680 subegerit,
802 1628 833 1663 ex
846 1610 986 1680 animoque

306 1697 444 1766 Expulerit
456 1697 543 1761 dictis,
556 1715 611 1751 non
623 1698 713 1760 armis,
726 1715 814 1751 nonne
827 1696 929 1750 decebit

307 1783 389 1837 Hunc
400 1783 537 1837 hominem
549 1801 661 1837 nurnero
675 1783 775 1836 Divum
788 1781 921 1852 dignarier
932 1783 1007 1834 esse?

167 1895 270 1965 Adeo
288 1919 405 1967 carere
427 1920 497 1966 non
517 1898 635 1989 potuit
656 1920 701 1965 ne
725 1897 843 1989 irnpiae
860 1896 1003 1986 quidem
1021 1892 1214 1985 disciplinae

166 2012 324 2095 antistes,
351 2035 455 2103 quem
491 2020 760 2104 prosequeretur
793 2011 851 2102 pio
886 2032 1036 2100 caroque
1070 2008 1212 2088 affectu,

166 2123 368 2217 longissime
385 2126 469 2196 licet
487 2137 663 2196 remotum
682 2149 703 2194 e
721 2125 921 2195 mortalium
940 2122 1060 2213 oculis.

217 2239 383 2311 Diximus
409 2243 453 2311 de
482 2264 598 2310 rerum
626 2242 778 2332 ipsarum
808 2250 941 2322 tenore,
968 2237 1031 2308 tali
1056 2237 1211 2328 quidem,

167 2365 207 2425 ut
232 2379 335 2447 poene
361 2358 567 2427 confirmare
592 2359 714 2437 ausim,
736 2356 880 2424 inversis
907 2355 1017 2423 ferme
1038 2376 1117 2443 quae
1143 2352 1211 2422 dici

168 2469 328 2540 solebant
356 2472 400 2540 de
429 2471 539 2563 ipsius
566 2471 708 2562 Epicuri
735 2471 904 2550 doctrina,
923 2467 1053 2540 Verbis
1082 2466 1213 2536 Lucre-

168 2588 258 2654 tium
276 2585 400 2657 tollere
420 2587 692 2668 Providentiam,
711 2611 749 2656 re
766 2586 973 2676 relinquere.
1014 2583 1213 2654 Veniamus

170 2725 261 2770 nunc
279 2702 323 2770 ad
342 2701 489 2771 formam
508 2703 753 2792 disputationis
772 2701 1000 2774 Lucretianae,
1019 2700 1212 2790 modosque

168 2818 243 2907 ejus
272 2818 450 2909 cogitandi
485 2840 526 2886 ac
560 2816 736 2908 loquendi.
792 2815 888 2885 Nam
923 2838 969 2883 ex
999 2836 1041 2882 ea
1071 2837 1211 2904 quoque

168 2941 267 3022 parte
292 2930 367 2999 fieri
394 2940 520 3022 potest,
539 2941 580 3001 nt
604 2933 684 3000 edat
703 2933 779 3022 quis
797 2929 960 3020 exempla
985 2930 1132 2998 minime
1150 2928 1213 2996 du-

169 3047 227 3114 bia
252 3044 404 3137 religiosi
429 3047 547 3129 animi,
569 3048 766 3137 intentique
791 3047 827 3113 in
854 3069 895 3114 ea
915 3069 992 3136 quae
1017 3044 1210 3112 humanum

169 3163 314 3230 modum
341 3173 516 3252 superant.
569 3162 649 3245 Quo
670 3165 706 3230 in
731 3185 860 3254 genere
880 3160 1082 3229 habendum
1101 3171 1155 3228 est
1173 3159 1212 3226 il-

169 3276 240 3357 lud,
259 3278 352 3367 quod
370 3277 511 3346 solertia
528 3280 678 3369 quadam
696 3285 845 3346 utuntur
863 3278 1047 3366 scriptores
1061 3273 1210 3342 venandi

171 3391 275 3472 locos,
294 3401 330 3460 et
347 3394 504 3461 veritatis
522 3394 694 3475 eruendae,
709 3394 736 3462 si
756 3393 839 3482 quid
858 3393 991 3481 uspiam
1010 3392 1213 3480 conspicere

170 3515 346 3596 poterunt,
375 3510 467 3602 qnod
499 3531 613 3576 rerum
646 3509 834 3576 admoneat
862 3529 1008 3597 quarum
1040 3506 1212 3574 desiderio

171 3628 347 3689 tenentur.
399 3623 521 3713 Atque
544 3624 581 3691 in
606 3623 672 3691 hac
690 3623 763 3691 sive
780 3631 855 3690 arte
872 3643 934 3690 seu
952 3620 1123 3689 facultate
1142 3620 1213 3688 Lu-

171 3737 300 3805 cretius
325 3745 453 3819 noster,
479 3740 637 3806 omnium
664 3760 846 3818 consensu,
875 3738 1002 3828 primas
1030 3736 1096 3806 sibi
1123 3758 1213 3805 sem-

170 3874 233 3941 per
249 3851 450 3920 vindicavit.
503 3850 625 3921 Etiam
651 3851 703 3920 illi
720 3853 780 3944 qui
803 3852 919 3920 minus
936 3861 1059 3920 curant
1077 3873 1213 3943 eaquae

172 3960 360 4032 Poetarum
388 3973 470 4032 sunt
495 3965 643 4055 propria,
666 3965 781 4034 solent
806 3966 969 4034 admirari
995 3988 1088 4046 eum,
1107 3987 1212 4056 quarn

171 4078 349 4169 ingeniose
374 4080 520 4148 minima
537 4102 687 4170 quaeque
708 4080 859 4172 arripiat,
877 4103 918 4151 ac
935 4079 1039 4171 plane
1057 4079 1210 4156 fortuitu,

588 4316 600 4344 ⁶
620 4308 698 4361 Lucr.
713 4323 738 4376 5.
752 4323 795 4377 50.
