2834 4882
184 325 278 367 rann.
290 326 405 367 xxxur.
439 305 527 389 quasi
542 307 720 368 neaeman
735 307 973 370 concurrentium
985 308 1088 392 spacia
1166 306 1229 376 675

239 473 401 544 Fuerunt
426 476 486 566 qui
516 483 683 568 putarent
713 474 786 544 haec
815 476 859 544 de
887 473 1125 567 Aristophane
1154 501 1228 548 esse

186 599 335 682 sumpta,
354 591 414 682 qui
440 590 532 660 ludit
553 591 682 660 alicubi
700 591 923 660 festivissime
949 592 985 660 in
1011 592 1132 663 formis
1151 594 1230 665 Nu·

185 705 284 775 bium
295 701 322 776 l.

270 817 318 886 ἤδη
329 816 387 871 ποτ’
400 817 554 888 ἀναβλέψας
565 814 630 873 εἶδες
642 817 757 888 νεφέλην
769 816 904 888 Κενταύρῳ
915 819 1012 886 ὁμοίαν,
1077 848 1080 853 <

270 902 433 974 ἣσαρδαλει,
444 904 461 971 ἢ
473 902 552 975 λύκῳ,
564 902 580 971 ἢ
592 902 677 976 ταύρῳ
684 925 693 966 ;
711 903 751 970 Νι)
764 901 803 955 Δί
815 901 900 973 ἔγωγ’.
920 900 975 958 εἶτα
986 904 1011 957 τὶ
1022 907 1099 958 τοῦτο
1106 926 1114 967 ;

270 989 387 1044 Γίνονται
396 989 471 1044 πάνθ’
485 989 509 1054 ὅ,
522 1011 547 1045 τι
559 987 590 1042 ἂν
601 988 755 1053 βούλωνται·
774 987 820 1043 κᾶν
830 990 878 1058 μὲν
889 987 965 1045 ἴδωσι
977 989 1088 1059 κομήτην

270 1076 361 1147 ὅγριόν
370 1098 427 1132 τινα
437 1082 488 1130 τῶν
499 1076 600 1131 λασίων
611 1074 716 1138 τούτων,
729 1073 833 1146 οἷόνπερ
845 1077 890 1130 τὸν
902 1077 1075 1146 Ξενοφάντου,

267 1165 439 1238 ,σκώπτουσαι
451 1163 497 1231 τὴν
507 1162 598 1232 μανίαν
610 1162 697 1225 αύτοῦ,
711 1161 864 1231 Κενταύροις
876 1161 981 1218 εἴκασαν
993 1163 1079 1220 αὑτάς.

270 1252 301 1305 Τί
311 1253 363 1324 γὰρ
375 1253 407 1307 ἂν
418 1253 522 1324 ἅρπαγα
533 1256 584 1305 τῶν
596 1251 727 1320 δημοσίων
738 1251 860 1306 κατίδωσι
873 1252 981 1322 Σίμωνα,
993 1252 1019 1305 τί
1031 1253 1143 1324 δρῶσιν;

269 1338 477 1411 ’Λπαφαίνουσαι
489 1339 535 1407 τὴν
546 1337 629 1408 φύσιν
641 1340 727 1401 αὐτοῦ,
739 1338 812 1392 λύκοι
825 1338 947 1409 ἐξαίφνης
960 1339 1085 1409 ἐγένοντο.

185 1435 279 1507 Mihi
297 1461 380 1508 vero
403 1439 514 1530 magis
538 1435 706 1506 credibile
723 1445 787 1516 est,
806 1445 997 1527 utrumque
1023 1439 1230 1530 scriptorem

184 1544 262 1623 ista¹
279 1552 435 1622 hausisse
465 1574 510 1621 ex
543 1551 664 1621 nativa
693 1561 730 1620 et
759 1551 900 1643 propria
930 1574 1028 1621 vena.
1086 1552 1230 1621 Etenim

184 1668 305 1758 quidni
316 1668 529 1759 judicemus,
546 1675 749 1758 utrumque,
768 1689 837 1757 qua
855 1675 930 1736 erat
948 1666 1133 1759 elegantia,
1150 1665 1231 1735 soli-

185 1790 260 1852 tum
282 1783 390 1852 fuisse
411 1783 540 1873 saepius
566 1781 797 1874 contemplari
822 1782 991 1851 miracula
1013 1781 1087 1851 haec
1110 1781 1231 1850 laben-

184 1899 273 1968 tium
291 1898 450 1978 nnbium,
469 1899 543 1967 sive
560 1896 750 1990 tranquillo
768 1919 830 1966 seu
848 1905 1027 1965 commoto
1044 1896 1157 1967 caelol

231 2013 369 2084 Verum
379 2012 461 2085 ,haec
478 2014 584 2083 missa
600 2013 701 2082 facio.
754 2011 849 2081 Illud
868 2013 1094 2082 consideretis
1113 2011 1229 2094 velirn,

184 2150 225 2198 an
243 2136 435 2222 cognatum
459 2127 600 2220 aliquod
625 2127 787 2197 habuerit
805 2128 938 2218 species
955 2126 1033 2196 haec
1051 2126 1230 2197 mutabilis

184 2253 218 2313 et
244 2266 351 2314 scena
376 2243 536 2324 nubium,
554 2265 636 2311 cum
655 2243 830 2334 Epicurea
855 2244 900 2311 de
926 2240 1130 2311 Simulacris
1157 2245 1230 2334 opi-

184 2361 307 2442 nione3
342 2358 504 2428 similiter
533 2359 644 2428 ferme
671 2364 780 2448 atque
805 2357 1026 2426 intuentibus
1056 2358 1230 2449 profunda

184 2475 320 2545 aetheris
346 2484 383 2544 et
409 2473 543 2580 chani
573 2496 710 2564 aequora
739 2480 879 2564 poterat
904 2474 1082 2542 interdum
1109 2473 1229 2544 venire

184 2591 217 2658 in
251 2598 410 2660 mentem
437 2590 525 2659 vasti
560 2588 654 2657 illius
684 2596 721 2655 et
748 2588 876 2656 infiniti
904 2587 1022 2658 Inanis
1048 2588 1226 2679 cogitatio.

184 2705 319 2775 Mimm
345 2707 474 2796 itaque,
499 2705 535 2773 ni
561 2712 748 2793 utramque
775 2704 960 2773 materiem
986 2703 1129 2795 anipiat
1158 2711 1228 2773 sta·

183 2823 246 2891 tim
266 2822 462 2902 Lucretius,
480 2821 678 2911 habeatque
703 2821 741 2888 in
758 2818 903 2918 deliciis,
924 2817 1075 2888 Naturae
1097 2819 1228 2909 pariter

183 2944 219 3005 et
236 2935 391 3027 Epicuro
409 2920 560 3005 deditus.

235 3047 308 3119 Sed
338 3050 439 3119 initio
468 3051 560 3119 sexti
593 3049 673 3119 libri
708 3049 900 3140 impensius
931 3048 1086 3117 declarat
1114 3047 1227 3119 Poeta

182 3186 283 3234 suum
301 3163 468 3246 studium,
486 3173 527 3232 ut
545 3165 603 3254 qui
621 3186 693 3232 non
710 3164 878 3234 mediocri
896 3176 974 3232 tum
992 3163 1129 3232 aurium
1147 3172 1226 3232 tum

180 3279 287 3350 animi
313 3301 457 3375 quoque
473 3279 593 3348 labore
618 3287 656 3348 et
684 3300 789 3371 opera
816 3281 928 3347 varios
954 3279 1117 3348 didicerit
1144 3300 1227 3347 oon-

180 3394 395 3463 cnrreutium
430 3386 629 3464 nimborum
661 3395 817 3476 sonitus3
851 3393 961 3463 immo
995 3415 1058 3484 pro
1088 3399 1226 3461 mutata

179 3508 325 3579 nubium
352 3508 475 3591 forma,
496 3518 677 3605 motuque,
701 3509 835 3579 sonitus
856 3510 1026 3600 cujusque
1051 3508 1225 3577 rationem

178 3624 354 3716 quandam
375 3624 577 3694 reddiderit.
630 3623 711 3707 Quo
730 3625 766 3691 in
783 3633 993 3716 argumento
1011 3647 1113 3692 suum
1136 3621 1224 3691 illud

178 3761 251 3831 prae
271 3740 410 3831 *caeteris
438 3747 536 3808 tenet
560 3739 758 3820 Lucretius,
786 3740 878 3829 quod
906 3737 1136 3809 similitudine
1162 3722 1226 3807 ali·

178 3876 247 3944 qua
263 3853 309 3922 de
326 3853 437 3923 triviis
455 3854 572 3935 ducta,
590 3876 666 3922 rem
689 3877 973 3945 unamquamque
996 3855 1047 3922 ita
1071 3853 1115 3922 de
1140 3852 1224 3922 caelo

178 3967 331 4049 deducit,
349 3966 561 4059 planamque
578 3967 674 4048 facit,
693 3976 735 4036 ut
753 3966 840 4035 nihil
858 3975 978 4034 tamen
1003 3966 1137 4035 humile
1162 3973 1225 4035 aut

177 4082 355 4175 plebeium
372 4083 576 4152 admisceat.
628 4081 766 4151 Audite
785 4104 867 4151 vero
879 4078 897 4150 i.

318 4209 391 4262 Dant
404 4210 482 4264 etiarn
495 4210 613 4263 sonitum
625 4209 709 4278 patuli
722 4227 802 4278 super
813 4227 921 4280 aequora
932 4209 1035 4271 mundi,

248 4352 346 4408 ¹¹Nub.
360 4370 421 4424 345.
810 4353 818 4391 i
837 4354 916 4408 Lucr.
930 4308 956 4406 d.
972 4365 1030 4423 107.

642 4451 666 4495 x
684 4451 708 4495 x
728 4434 749 4496 2
