<?xml version="1.0" encoding="UTF-8"?>
<!DOCTYPE html PUBLIC "-//W3C//DTD XHTML 1.0 Transitional//EN"
    "http://www.w3.org/TR/xhtml1/DTD/xhtml1-transitional.dtd">
<html xmlns="http://www.w3.org/1999/xhtml" xml:lang="en" lang="en">
 <head>
  <title>
</title>
<meta http-equiv="Content-Type" content="text/html;charset=utf-8" />
  <meta name='ocr-system' content='tesseract 3.04.00' />
  <meta name='ocr-capabilities' content='ocr_page ocr_carea ocr_par ocr_line ocrx_word'/>
</head>
<body>
  <div class='ocr_page' id='page_1' title='image "./depoeticaevimed00keblgoog_0193.png"; bbox 0 0 2768 4876; ppageno 0'>
   <div class='ocr_carea' id='block_1_1' title="bbox 165 290 1211 382">
    <p class='ocr_par' dir='ltr' id='par_1_1' title="bbox 165 290 1211 382">
     <span class='ocr_line' id='line_1_1' title="bbox 165 290 1211 382; baseline 0.002 -24"><span class='ocrx_word' id='word_1_1' title='bbox 165 290 231 358; x_wconf 82' lang='grc'><strong>668</strong></span> <span class='ocrx_word' id='word_1_2' title='bbox 396 292 952 382; x_wconf 64' lang='grc' dir='ltr'>δφῆοσὶοιιιιιερὶιιιιιιιιοοιιιρὶἷανιι</span> <span class='ocrx_word' id='word_1_3' title='bbox 997 317 1211 362; x_wconf 73' lang='lat' dir='ltr'><strong>rannxxvm.</strong></span> 
     </span>
    </p>
   </div>
   <div class='ocr_carea' id='block_1_2' title="bbox 164 467 1213 3686">
    <p class='ocr_par' dir='ltr' id='par_1_2' title="bbox 166 467 1210 771">
     <span class='ocr_line' id='line_1_2' title="bbox 166 467 1210 562; baseline 0.001 -27"><span class='ocrx_word' id='word_1_4' title='bbox 166 467 368 560; x_wconf 78' lang='lat' dir='ltr'><strong>ignominia,</strong></span> <span class='ocrx_word' id='word_1_5' title='bbox 395 490 464 559; x_wconf 90' lang='lat' dir='ltr'><strong>qna</strong></span> <span class='ocrx_word' id='word_1_6' title='bbox 488 467 554 537; x_wconf 88' lang='lat' dir='ltr'><strong>sibi</strong></span> <span class='ocrx_word' id='word_1_7' title='bbox 580 467 723 538; x_wconf 86' lang='lat' dir='ltr'><strong>videtur</strong></span> <span class='ocrx_word' id='word_1_8' title='bbox 746 469 847 552; x_wconf 86' lang='lat' dir='ltr'><strong>affici,</strong></span> <span class='ocrx_word' id='word_1_9' title='bbox 866 471 925 562; x_wconf 94' lang='lat' dir='ltr'><strong>qui</strong></span> <span class='ocrx_word' id='word_1_10' title='bbox 952 470 986 537; x_wconf 86' lang='lat' dir='ltr'><strong>vi</strong></span> <span class='ocrx_word' id='word_1_11' title='bbox 1011 467 1153 553; x_wconf 88' lang='lat' dir='ltr'><strong>doloris,</strong></span> <span class='ocrx_word' id='word_1_12' title='bbox 1170 475 1210 536; x_wconf 93' lang='lat' dir='ltr'><strong>ut</strong></span> 
     </span>
     <span class='ocr_line' id='line_1_3' title="bbox 166 583 1210 678; baseline 0 -27"><span class='ocrx_word' id='word_1_13' title='bbox 166 583 322 666; x_wconf 86' lang='lat' dir='ltr'><strong>foemina,</strong></span> <span class='ocrx_word' id='word_1_14' title='bbox 347 584 502 675; x_wconf 82' lang='lat' dir='ltr'><strong>eruperit</strong></span> <span class='ocrx_word' id='word_1_15' title='bbox 527 585 564 653; x_wconf 93' lang='lat' dir='ltr'><strong>in</strong></span> <span class='ocrx_word' id='word_1_16' title='bbox 591 584 783 678; x_wconf 84' lang='lat' dir='ltr'><strong>lacrymas3</strong></span> <span class='ocrx_word' id='word_1_17' title='bbox 809 594 940 656; x_wconf 87' lang='lat' dir='ltr'><strong>caetera</strong></span> <span class='ocrx_word' id='word_1_18' title='bbox 964 586 1078 654; x_wconf 86' lang='lat' dir='ltr'><strong>ferme</strong></span> <span class='ocrx_word' id='word_1_19' title='bbox 1103 583 1210 652; x_wconf 90' lang='lat' dir='ltr'><strong>habet</strong></span> 
     </span>
     <span class='ocr_line' id='line_1_4' title="bbox 166 697 695 771; baseline 0.006 -3"><span class='ocrx_word' id='word_1_20' title='bbox 166 721 247 768; x_wconf 90' lang='lat' dir='ltr'><strong>curn</strong></span> <span class='ocrx_word' id='word_1_21' title='bbox 267 697 467 770; x_wconf 78' lang='lat' dir='ltr'><strong>Philoctete</strong></span> <span class='ocrx_word' id='word_1_22' title='bbox 484 701 695 771; x_wconf 89' lang='lat' dir='ltr'><strong>communia.</strong></span> 
     </span>
    </p>

    <p class='ocr_par' dir='ltr' id='par_1_3' title="bbox 164 813 1213 3686">
     <span class='ocr_line' id='line_1_5' title="bbox 216 813 1209 908; baseline -0.002 -24"><span class='ocrx_word' id='word_1_23' title='bbox 216 813 431 884; x_wconf 87' lang='lat' dir='ltr'><strong>Occurretur</strong></span> <span class='ocrx_word' id='word_1_24' title='bbox 456 816 601 886; x_wconf 86' lang='lat' dir='ltr'><strong>fortasse</strong></span> <span class='ocrx_word' id='word_1_25' title='bbox 626 839 648 885; x_wconf 94' lang='lat' dir='ltr'><strong>a</strong></span> <span class='ocrx_word' id='word_1_26' title='bbox 672 817 896 899; x_wconf 90' lang='lat' dir='ltr'><strong>nonnemine,</strong></span> <span class='ocrx_word' id='word_1_27' title='bbox 915 825 1099 908; x_wconf 82' lang='lat' dir='ltr'><strong>quaerente</strong></span> <span class='ocrx_word' id='word_1_28' title='bbox 1124 836 1209 883; x_wconf 90' lang='lat' dir='ltr'><strong>num</strong></span> 
     </span>
     <span class='ocr_line' id='line_1_6' title="bbox 165 929 1209 1024; baseline -0.002 -24"><span class='ocrx_word' id='word_1_29' title='bbox 165 929 250 1000; x_wconf 89' lang='lat' dir='ltr'><strong>satis</strong></span> <span class='ocrx_word' id='word_1_30' title='bbox 266 939 364 1000; x_wconf 87' lang='lat' dir='ltr'><strong>recte</strong></span> <span class='ocrx_word' id='word_1_31' title='bbox 380 931 539 1023; x_wconf 88' lang='lat' dir='ltr'><strong>capiatur</strong></span> <span class='ocrx_word' id='word_1_32' title='bbox 556 931 758 1022; x_wconf 87' lang='lat' dir='ltr'><strong>conjectura</strong></span> <span class='ocrx_word' id='word_1_33' title='bbox 774 932 819 1002; x_wconf 93' lang='lat' dir='ltr'><strong>ab</strong></span> <span class='ocrx_word' id='word_1_34' title='bbox 836 933 878 1003; x_wconf 91' lang='lat' dir='ltr'><strong>iis</strong></span> <span class='ocrx_word' id='word_1_35' title='bbox 895 955 977 1024; x_wconf 86' lang='lat' dir='ltr'><strong>quse</strong></span> <span class='ocrx_word' id='word_1_36' title='bbox 993 932 1039 1001; x_wconf 89' lang='lat' dir='ltr'><strong>ad</strong></span> <span class='ocrx_word' id='word_1_37' title='bbox 1056 930 1209 1023; x_wconf 86' lang='lat' dir='ltr'><strong>corporis</strong></span> 
     </span>
     <span class='ocr_line' id='line_1_7' title="bbox 165 1045 1209 1139; baseline -0.002 -23"><span class='ocrx_word' id='word_1_38' title='bbox 165 1045 344 1138; x_wconf 87' lang='lat' dir='ltr'><strong>pertinent</strong></span> <span class='ocrx_word' id='word_1_39' title='bbox 361 1068 525 1139; x_wconf 80' lang='lat' dir='ltr'><strong>angores:</strong></span> <span class='ocrx_word' id='word_1_40' title='bbox 552 1048 683 1139; x_wconf 89' lang='lat' dir='ltr'><strong>quippe</strong></span> <span class='ocrx_word' id='word_1_41' title='bbox 700 1049 760 1139; x_wconf 90' lang='lat' dir='ltr'><strong>qui</strong></span> <span class='ocrx_word' id='word_1_42' title='bbox 778 1048 878 1118; x_wconf 88' lang='lat' dir='ltr'><strong>dolor</strong></span> <span class='ocrx_word' id='word_1_43' title='bbox 894 1047 1044 1118; x_wconf 87' lang='lat' dir='ltr'><strong>eandem</strong></span> <span class='ocrx_word' id='word_1_44' title='bbox 1058 1047 1133 1117; x_wconf 90' lang='lat' dir='ltr'><strong>fere</strong></span> <span class='ocrx_word' id='word_1_45' title='bbox 1150 1047 1209 1115; x_wconf 89' lang='lat' dir='ltr'><strong>ha-</strong></span> 
     </span>
     <span class='ocr_line' id='line_1_8' title="bbox 165 1159 1208 1255; baseline 0.001 -26"><span class='ocrx_word' id='word_1_46' title='bbox 165 1159 249 1230; x_wconf 85' lang='lat' dir='ltr'><strong>heat</strong></span> <span class='ocrx_word' id='word_1_47' title='bbox 266 1161 303 1230; x_wconf 93' lang='lat' dir='ltr'><strong>in</strong></span> <span class='ocrx_word' id='word_1_48' title='bbox 320 1161 483 1230; x_wconf 91' lang='lat' dir='ltr'><strong>omnibus</strong></span> <span class='ocrx_word' id='word_1_49' title='bbox 500 1160 702 1232; x_wconf 91' lang='lat' dir='ltr'><strong>hominibus</strong></span> <span class='ocrx_word' id='word_1_50' title='bbox 719 1164 904 1246; x_wconf 86' lang='lat' dir='ltr'><strong>rationem,</strong></span> <span class='ocrx_word' id='word_1_51' title='bbox 914 1161 1208 1255; x_wconf 81' lang='lat' dir='ltr'><strong>simplicissimam</strong></span> 
     </span>
     <span class='ocr_line' id='line_1_9' title="bbox 165 1275 1209 1367; baseline 0.002 -23"><span class='ocrx_word' id='word_1_52' title='bbox 165 1275 262 1345; x_wconf 84' lang='lat' dir='ltr'><strong>illam</strong></span> <span class='ocrx_word' id='word_1_53' title='bbox 280 1277 443 1367; x_wconf 87' lang='lat' dir='ltr'><strong>quidem:</strong></span> <span class='ocrx_word' id='word_1_54' title='bbox 469 1277 520 1346; x_wconf 90' lang='lat' dir='ltr'><strong>ita</strong></span> <span class='ocrx_word' id='word_1_55' title='bbox 544 1287 586 1346; x_wconf 89' lang='lat' dir='ltr'><strong>ut</strong></span> <span class='ocrx_word' id='word_1_56' title='bbox 611 1276 699 1347; x_wconf 91' lang='lat' dir='ltr'><strong>nihil</strong></span> <span class='ocrx_word' id='word_1_57' title='bbox 725 1279 771 1348; x_wconf 85' lang='lat' dir='ltr'><strong>sit</strong></span> <span class='ocrx_word' id='word_1_58' title='bbox 796 1279 1060 1361; x_wconf 82' lang='lat' dir='ltr'><strong>interfuturum,</strong></span> <span class='ocrx_word' id='word_1_59' title='bbox 1082 1279 1119 1347; x_wconf 91' lang='lat' dir='ltr'><strong>in</strong></span> <span class='ocrx_word' id='word_1_60' title='bbox 1144 1275 1209 1346; x_wconf 92' lang='lat' dir='ltr'><strong>hoc</strong></span> 
     </span>
     <span class='ocr_line' id='line_1_10' title="bbox 165 1391 1208 1487; baseline -0.001 -25"><span class='ocrx_word' id='word_1_61' title='bbox 165 1414 210 1462; x_wconf 89' lang='lat' dir='ltr'><strong>an</strong></span> <span class='ocrx_word' id='word_1_62' title='bbox 227 1392 264 1461; x_wconf 91' lang='lat' dir='ltr'><strong>in</strong></span> <span class='ocrx_word' id='word_1_63' title='bbox 281 1391 343 1461; x_wconf 93' lang='lat' dir='ltr'><strong>illo</strong></span> <span class='ocrx_word' id='word_1_64' title='bbox 360 1403 549 1485; x_wconf 84' lang='lat' dir='ltr'><strong>spectetur.</strong></span> <span class='ocrx_word' id='word_1_65' title='bbox 598 1393 783 1465; x_wconf 83' lang='lat' dir='ltr'><strong>Faciamus</strong></span> <span class='ocrx_word' id='word_1_66' title='bbox 808 1395 930 1487; x_wconf 88' lang='lat' dir='ltr'><strong>itaque</strong></span> <span class='ocrx_word' id='word_1_67' title='bbox 955 1394 1153 1487; x_wconf 87' lang='lat' dir='ltr'><strong>periculum</strong></span> <span class='ocrx_word' id='word_1_68' title='bbox 1173 1394 1208 1461; x_wconf 92' lang='lat' dir='ltr'><strong>in</strong></span> 
     </span>
     <span class='ocr_line' id='line_1_11' title="bbox 165 1508 1209 1602; baseline 0.001 -25"><span class='ocrx_word' id='word_1_69' title='bbox 165 1508 235 1578; x_wconf 87' lang='lat' dir='ltr'><strong>alio</strong></span> <span class='ocrx_word' id='word_1_70' title='bbox 259 1531 399 1602; x_wconf 88' lang='lat' dir='ltr'><strong>genere,</strong></span> <span class='ocrx_word' id='word_1_71' title='bbox 416 1511 478 1579; x_wconf 89' lang='lat' dir='ltr'><strong>sed</strong></span> <span class='ocrx_word' id='word_1_72' title='bbox 501 1511 537 1579; x_wconf 93' lang='lat' dir='ltr'><strong>in</strong></span> <span class='ocrx_word' id='word_1_73' title='bbox 563 1512 688 1580; x_wconf 91' lang='lat' dir='ltr'><strong>eodem</strong></span> <span class='ocrx_word' id='word_1_74' title='bbox 716 1508 927 1581; x_wconf 87' lang='lat' dir='ltr'><strong>Philoctete.</strong></span> <span class='ocrx_word' id='word_1_75' title='bbox 980 1509 1076 1582; x_wconf 90' lang='lat' dir='ltr'><strong>Nam</strong></span> <span class='ocrx_word' id='word_1_76' title='bbox 1096 1510 1209 1602; x_wconf 90' lang='lat' dir='ltr'><strong>tangit</strong></span> 
     </span>
     <span class='ocr_line' id='line_1_12' title="bbox 165 1623 1208 1708; baseline 0.001 -15"><span class='ocrx_word' id='word_1_77' title='bbox 165 1626 195 1695; x_wconf 91' lang='lat' dir='ltr'><strong>is</strong></span> <span class='ocrx_word' id='word_1_78' title='bbox 220 1623 461 1708; x_wconf 87' lang='lat' dir='ltr'><strong>similitudine,</strong></span> <span class='ocrx_word' id='word_1_79' title='bbox 483 1635 524 1695; x_wconf 90' lang='lat' dir='ltr'><strong>ut</strong></span> <span class='ocrx_word' id='word_1_80' title='bbox 548 1627 673 1696; x_wconf 91' lang='lat' dir='ltr'><strong>morbo</strong></span> <span class='ocrx_word' id='word_1_81' title='bbox 692 1625 898 1708; x_wconf 87' lang='lat' dir='ltr'><strong>Herculem,</strong></span> <span class='ocrx_word' id='word_1_82' title='bbox 916 1628 967 1696; x_wconf 91' lang='lat' dir='ltr'><strong>ita</strong></span> <span class='ocrx_word' id='word_1_83' title='bbox 983 1625 1208 1704; x_wconf 89' lang='lat' dir='ltr'><strong>contumelia,</strong></span> 
     </span>
     <span class='ocr_line' id='line_1_13' title="bbox 165 1737 1211 1834; baseline 0.001 -24"><span class='ocrx_word' id='word_1_84' title='bbox 165 1763 271 1833; x_wconf 87' lang='lat' dir='ltr'><strong>quam</strong></span> <span class='ocrx_word' id='word_1_85' title='bbox 297 1764 481 1833; x_wconf 90' lang='lat' dir='ltr'><strong>perpessus</strong></span> <span class='ocrx_word' id='word_1_86' title='bbox 507 1750 561 1811; x_wconf 88' lang='lat' dir='ltr'><strong>est</strong></span> <span class='ocrx_word' id='word_1_87' title='bbox 581 1744 627 1812; x_wconf 86' lang='lat' dir='ltr'><strong>ab</strong></span> <span class='ocrx_word' id='word_1_88' title='bbox 644 1741 791 1823; x_wconf 89' lang='lat' dir='ltr'><strong>Atridis,</strong></span> <span class='ocrx_word' id='word_1_89' title='bbox 811 1741 988 1834; x_wconf 84' lang='lat' dir='ltr'><strong>Ulyssem.</strong></span> <span class='ocrx_word' id='word_1_90' title='bbox 1040 1737 1125 1811; x_wconf 87' lang='lat' dir='ltr'><strong>Jam</strong></span> <span class='ocrx_word' id='word_1_91' title='bbox 1151 1763 1211 1811; x_wconf 90' lang='lat' dir='ltr'><strong>au·</strong></span> 
     </span>
     <span class='ocr_line' id='line_1_14' title="bbox 165 1856 1209 1948; baseline -0.002 -22"><span class='ocrx_word' id='word_1_92' title='bbox 165 1866 240 1926; x_wconf 77' lang='lat' dir='ltr'><strong>tem</strong></span> <span class='ocrx_word' id='word_1_93' title='bbox 267 1857 407 1948; x_wconf 78' lang='lat' dir='ltr'><strong>paribus</strong></span> <span class='ocrx_word' id='word_1_94' title='bbox 433 1880 503 1927; x_wconf 91' lang='lat' dir='ltr'><strong>non</strong></span> <span class='ocrx_word' id='word_1_95' title='bbox 528 1860 635 1928; x_wconf 92' lang='lat' dir='ltr'><strong>modo</strong></span> <span class='ocrx_word' id='word_1_96' title='bbox 653 1856 739 1927; x_wconf 89' lang='lat' dir='ltr'><strong>locis</strong></span> <span class='ocrx_word' id='word_1_97' title='bbox 755 1879 877 1926; x_wconf 85' lang='lat' dir='ltr'><strong>verum</strong></span> <span class='ocrx_word' id='word_1_98' title='bbox 896 1857 1004 1926; x_wconf 90' lang='lat' dir='ltr'><strong>etiam</strong></span> <span class='ocrx_word' id='word_1_99' title='bbox 1022 1857 1209 1927; x_wconf 88' lang='lat' dir='ltr'><strong>verbomm</strong></span> 
     </span>
     <span class='ocr_line' id='line_1_15' title="bbox 164 1970 1211 2065; baseline 0.001 -25"><span class='ocrx_word' id='word_1_100' title='bbox 164 1970 324 2041; x_wconf 83' lang='lat' dir='ltr'><strong>formulis</strong></span> <span class='ocrx_word' id='word_1_101' title='bbox 358 1971 534 2042; x_wconf 87' lang='lat' dir='ltr'><strong>lacessunt</strong></span> <span class='ocrx_word' id='word_1_102' title='bbox 567 1981 717 2065; x_wconf 89' lang='lat' dir='ltr'><strong>uterque</strong></span> <span class='ocrx_word' id='word_1_103' title='bbox 751 1973 911 2042; x_wconf 89' lang='lat' dir='ltr'><strong>inimicos</strong></span> <span class='ocrx_word' id='word_1_104' title='bbox 944 1995 1036 2042; x_wconf 90' lang='lat' dir='ltr'><strong>snos.</strong></span> <span class='ocrx_word' id='word_1_105' title='bbox 1091 1971 1211 2043; x_wconf 85' lang='lat' dir='ltr'><strong>Facile</strong></span> 
     </span>
     <span class='ocr_line' id='line_1_16' title="bbox 166 2087 1210 2179; baseline 0 -24"><span class='ocrx_word' id='word_1_106' title='bbox 166 2108 300 2168; x_wconf 89' lang='lat' dir='ltr'><strong>noscas,</strong></span> <span class='ocrx_word' id='word_1_107' title='bbox 328 2110 452 2179; x_wconf 86' lang='lat' dir='ltr'><strong>parum</strong></span> <span class='ocrx_word' id='word_1_108' title='bbox 486 2089 522 2157; x_wconf 92' lang='lat' dir='ltr'><strong>in</strong></span> <span class='ocrx_word' id='word_1_109' title='bbox 553 2111 596 2157; x_wconf 92' lang='lat' dir='ltr'><strong>eo</strong></span> <span class='ocrx_word' id='word_1_110' title='bbox 625 2088 733 2157; x_wconf 87' lang='lat' dir='ltr'><strong>fnisse</strong></span> <span class='ocrx_word' id='word_1_111' title='bbox 764 2088 981 2178; x_wconf 88' lang='lat' dir='ltr'><strong>scriptorem,</strong></span> <span class='ocrx_word' id='word_1_112' title='bbox 1012 2096 1054 2155; x_wconf 85' lang='lat' dir='ltr'><strong>ut</strong></span> <span class='ocrx_word' id='word_1_113' title='bbox 1083 2087 1210 2177; x_wconf 91' lang='lat' dir='ltr'><strong>cuique</strong></span> 
     </span>
     <span class='ocr_line' id='line_1_17' title="bbox 165 2202 1211 2295; baseline -0.001 -24"><span class='ocrx_word' id='word_1_114' title='bbox 165 2224 229 2293; x_wconf 88' lang='lat' dir='ltr'><strong>pro</strong></span> <span class='ocrx_word' id='word_1_115' title='bbox 255 2204 424 2295; x_wconf 90' lang='lat' dir='ltr'><strong>cujusque</strong></span> <span class='ocrx_word' id='word_1_116' title='bbox 450 2203 572 2274; x_wconf 90' lang='lat' dir='ltr'><strong>habitu</strong></span> <span class='ocrx_word' id='word_1_117' title='bbox 600 2226 698 2274; x_wconf 88' lang='lat' dir='ltr'><strong>suam</strong></span> <span class='ocrx_word' id='word_1_118' title='bbox 716 2205 892 2295; x_wconf 90' lang='lat' dir='ltr'><strong>quandam</strong></span> <span class='ocrx_word' id='word_1_119' title='bbox 918 2202 1005 2271; x_wconf 89' lang='lat' dir='ltr'><strong>iram</strong></span> <span class='ocrx_word' id='word_1_120' title='bbox 1027 2202 1211 2272; x_wconf 86' lang='lat' dir='ltr'><strong>tribueret.</strong></span> 
     </span>
     <span class='ocr_line' id='line_1_18' title="bbox 168 2317 1212 2412; baseline 0 -26"><span class='ocrx_word' id='word_1_121' title='bbox 168 2317 281 2400; x_wconf 73' lang='lat' dir='ltr'><strong>Quid?</strong></span> <span class='ocrx_word' id='word_1_122' title='bbox 307 2318 396 2388; x_wconf 92' lang='lat' dir='ltr'><strong>Anti</strong></span> <span class='ocrx_word' id='word_1_123' title='bbox 398 2341 527 2412; x_wconf 91' lang='lat' dir='ltr'><strong>gonem</strong></span> <span class='ocrx_word' id='word_1_124' title='bbox 540 2341 622 2388; x_wconf 91' lang='lat' dir='ltr'><strong>oum</strong></span> <span class='ocrx_word' id='word_1_125' title='bbox 635 2318 788 2395; x_wconf 88' lang='lat' dir='ltr'><strong>Electra,</strong></span> <span class='ocrx_word' id='word_1_126' title='bbox 794 2319 949 2388; x_wconf 85' lang='lat' dir='ltr'><strong>Creonta</strong></span> <span class='ocrx_word' id='word_1_127' title='bbox 960 2318 1091 2387; x_wconf 85' lang='lat' dir='ltr'><strong>iratum</strong></span> <span class='ocrx_word' id='word_1_128' title='bbox 1105 2325 1212 2410; x_wconf 86' lang='lat' dir='ltr'><strong>atque</strong></span> 
     </span>
     <span class='ocr_line' id='line_1_19' title="bbox 166 2431 1213 2527; baseline -0.003 -22"><span class='ocrx_word' id='word_1_129' title='bbox 166 2435 288 2527; x_wconf 88' lang='lat' dir='ltr'><strong>auguri</strong></span> <span class='ocrx_word' id='word_1_130' title='bbox 316 2436 539 2505; x_wconf 88' lang='lat' dir='ltr'><strong>minitantem</strong></span> <span class='ocrx_word' id='word_1_131' title='bbox 568 2456 650 2504; x_wconf 90' lang='lat' dir='ltr'><strong>oum</strong></span> <span class='ocrx_word' id='word_1_132' title='bbox 676 2432 805 2524; x_wconf 81' lang='lat' dir='ltr'><strong>OEldipo</strong></span> <span class='ocrx_word' id='word_1_133' title='bbox 833 2431 933 2526; x_wconf 84' lang='lat' dir='ltr'><strong>Rege</strong></span> <span class='ocrx_word' id='word_1_134' title='bbox 958 2433 1067 2524; x_wconf 90' lang='lat' dir='ltr'><strong>siquis</strong></span> <span class='ocrx_word' id='word_1_135' title='bbox 1096 2442 1213 2502; x_wconf 88' lang='lat' dir='ltr'><strong>atten-</strong></span> 
     </span>
     <span class='ocr_line' id='line_1_20' title="bbox 165 2549 1210 2641; baseline -0.004 -21"><span class='ocrx_word' id='word_1_136' title='bbox 165 2552 236 2620; x_wconf 89' lang='lat' dir='ltr'><strong>tius</strong></span> <span class='ocrx_word' id='word_1_137' title='bbox 261 2549 461 2631; x_wconf 88' lang='lat' dir='ltr'><strong>contulerit,</strong></span> <span class='ocrx_word' id='word_1_138' title='bbox 488 2572 605 2620; x_wconf 90' lang='lat' dir='ltr'><strong>nonne</strong></span> <span class='ocrx_word' id='word_1_139' title='bbox 630 2550 679 2620; x_wconf 93' lang='lat' dir='ltr'><strong>ibi</strong></span> <span class='ocrx_word' id='word_1_140' title='bbox 705 2572 845 2641; x_wconf 91' lang='lat' dir='ltr'><strong>quoque</strong></span> <span class='ocrx_word' id='word_1_141' title='bbox 871 2549 1025 2639; x_wconf 87' lang='lat' dir='ltr'><strong>requiret</strong></span> <span class='ocrx_word' id='word_1_142' title='bbox 1054 2549 1210 2619; x_wconf 80' lang='lat' dir='ltr'><strong>nativam</strong></span> 
     </span>
     <span class='ocr_line' id='line_1_21' title="bbox 165 2663 1211 2756; baseline -0.002 -22"><span class='ocrx_word' id='word_1_143' title='bbox 165 2665 262 2735; x_wconf 89' lang='lat' dir='ltr'><strong>illam</strong></span> <span class='ocrx_word' id='word_1_144' title='bbox 286 2667 384 2756; x_wconf 86' lang='lat' dir='ltr'><strong>quasi</strong></span> <span class='ocrx_word' id='word_1_145' title='bbox 416 2664 573 2735; x_wconf 88' lang='lat' dir='ltr'><strong>colorum</strong></span> <span class='ocrx_word' id='word_1_146' title='bbox 600 2666 820 2746; x_wconf 85' lang='lat' dir='ltr'><strong>varietatem,</strong></span> <span class='ocrx_word' id='word_1_147' title='bbox 841 2687 1011 2756; x_wconf 83' lang='lat' dir='ltr'><strong>verasque</strong></span> <span class='ocrx_word' id='word_1_148' title='bbox 1037 2687 1143 2734; x_wconf 85' lang='lat' dir='ltr'><strong>voces</strong></span> <span class='ocrx_word' id='word_1_149' title='bbox 1168 2663 1211 2733; x_wconf 90' lang='lat' dir='ltr'><strong>ab</strong></span> 
     </span>
     <span class='ocr_line' id='line_1_22' title="bbox 165 2779 1212 2873; baseline -0.003 -22"><span class='ocrx_word' id='word_1_150' title='bbox 165 2783 238 2851; x_wconf 89' lang='lat' dir='ltr'><strong>imo</strong></span> <span class='ocrx_word' id='word_1_151' title='bbox 264 2791 407 2873; x_wconf 87' lang='lat' dir='ltr'><strong>pectore</strong></span> <span class='ocrx_word' id='word_1_152' title='bbox 433 2782 586 2873; x_wconf 69' lang='lat' dir='ltr'><strong>ejectas?</strong></span> <span class='ocrx_word' id='word_1_153' title='bbox 638 2781 756 2864; x_wconf 73' lang='lat' dir='ltr'><strong>Quid?</strong></span> <span class='ocrx_word' id='word_1_154' title='bbox 786 2779 1051 2872; x_wconf 87' lang='lat' dir='ltr'><strong>Chrysothemis</strong></span> <span class='ocrx_word' id='word_1_155' title='bbox 1077 2780 1212 2873; x_wconf 86' lang='lat' dir='ltr'><strong>Argiva</strong></span> 
     </span>
     <span class='ocr_line' id='line_1_23' title="bbox 166 2896 1213 2987; baseline -0.003 -20"><span class='ocrx_word' id='word_1_156' title='bbox 166 2906 204 2967; x_wconf 87' lang='lat' dir='ltr'><strong>et</strong></span> <span class='ocrx_word' id='word_1_157' title='bbox 221 2897 362 2967; x_wconf 87' lang='lat' dir='ltr'><strong>lsmene</strong></span> <span class='ocrx_word' id='word_1_158' title='bbox 379 2897 556 2979; x_wconf 88' lang='lat' dir='ltr'><strong>Thebana,</strong></span> <span class='ocrx_word' id='word_1_159' title='bbox 573 2921 691 2966; x_wconf 89' lang='lat' dir='ltr'><strong>nonne</strong></span> <span class='ocrx_word' id='word_1_160' title='bbox 717 2897 897 2987; x_wconf 88' lang='lat' dir='ltr'><strong>conceptis</strong></span> <span class='ocrx_word' id='word_1_161' title='bbox 918 2897 992 2965; x_wconf 86' lang='lat' dir='ltr'><strong>fere</strong></span> <span class='ocrx_word' id='word_1_162' title='bbox 1010 2896 1127 2966; x_wconf 88' lang='lat' dir='ltr'><strong>verbis</strong></span> <span class='ocrx_word' id='word_1_163' title='bbox 1144 2898 1213 2986; x_wconf 90' lang='lat' dir='ltr'><strong>eje·</strong></span> 
     </span>
     <span class='ocr_line' id='line_1_24' title="bbox 167 3004 1210 3104; baseline -0.004 -20"><span class='ocrx_word' id='word_1_164' title='bbox 167 3023 246 3085; x_wconf 87' lang='lat' dir='ltr'><strong>rant</strong></span> <span class='ocrx_word' id='word_1_165' title='bbox 268 3023 416 3104; x_wconf 89' lang='lat' dir='ltr'><strong>utraque</strong></span> <span class='ocrx_word' id='word_1_166' title='bbox 434 3015 558 3083; x_wconf 87' lang='lat' dir='ltr'><strong>sororis</strong></span> <span class='ocrx_word' id='word_1_167' title='bbox 576 3012 785 3083; x_wconf 75' lang='lat' dir='ltr'><strong>consilium?</strong></span> <span class='ocrx_word' id='word_1_168' title='bbox 838 3004 944 3080; x_wconf 55' lang='lat' dir='ltr'><strong>Nam⁸</strong></span> <span class='ocrx_word' id='word_1_169' title='bbox 962 3010 1049 3080; x_wconf 89' lang='lat' dir='ltr'><strong>illud</strong></span> <span class='ocrx_word' id='word_1_170' title='bbox 1068 3011 1210 3102; x_wconf 91' lang='lat' dir='ltr'><strong>quidem</strong></span> 
     </span>
     <span class='ocr_line' id='line_1_25' title="bbox 165 3127 1212 3221; baseline -0.004 -22"><span class='ocrx_word' id='word_1_171' title='bbox 165 3132 201 3199; x_wconf 88' lang='lat' dir='ltr'><strong>in</strong></span> <span class='ocrx_word' id='word_1_172' title='bbox 234 3138 400 3221; x_wconf 88' lang='lat' dir='ltr'><strong>promptu</strong></span> <span class='ocrx_word' id='word_1_173' title='bbox 426 3129 599 3210; x_wconf 90' lang='lat' dir='ltr'><strong>omnibus,</strong></span> <span class='ocrx_word' id='word_1_174' title='bbox 625 3151 705 3198; x_wconf 91' lang='lat' dir='ltr'><strong>cum</strong></span> <span class='ocrx_word' id='word_1_175' title='bbox 735 3136 871 3219; x_wconf 90' lang='lat' dir='ltr'><strong>septem</strong></span> <span class='ocrx_word' id='word_1_176' title='bbox 899 3127 1005 3196; x_wconf 92' lang='lat' dir='ltr'><strong>modo</strong></span> <span class='ocrx_word' id='word_1_177' title='bbox 1036 3128 1212 3218; x_wconf 89' lang='lat' dir='ltr'><strong>supersint</strong></span> 
     </span>
     <span class='ocr_line' id='line_1_26' title="bbox 168 3243 1213 3339; baseline -0.005 -23"><span class='ocrx_word' id='word_1_178' title='bbox 168 3244 351 3339; x_wconf 87' lang='lat' dir='ltr'><strong>Sophoclis</strong></span> <span class='ocrx_word' id='word_1_179' title='bbox 372 3244 512 3324; x_wconf 81' lang='lat' dir='ltr'><strong>fabulae,</strong></span> <span class='ocrx_word' id='word_1_180' title='bbox 531 3255 586 3313; x_wconf 92' lang='lat' dir='ltr'><strong>ter</strong></span> <span class='ocrx_word' id='word_1_181' title='bbox 611 3245 704 3335; x_wconf 89' lang='lat' dir='ltr'><strong>apud</strong></span> <span class='ocrx_word' id='word_1_182' title='bbox 722 3266 803 3312; x_wconf 91' lang='lat' dir='ltr'><strong>eum</strong></span> <span class='ocrx_word' id='word_1_183' title='bbox 831 3244 867 3310; x_wconf 93' lang='lat' dir='ltr'><strong>in</strong></span> <span class='ocrx_word' id='word_1_184' title='bbox 893 3250 1011 3333; x_wconf 89' lang='lat' dir='ltr'><strong>partes</strong></span> <span class='ocrx_word' id='word_1_185' title='bbox 1028 3243 1146 3312; x_wconf 89' lang='lat' dir='ltr'><strong>vocari</strong></span> <span class='ocrx_word' id='word_1_186' title='bbox 1170 3243 1213 3312; x_wconf 92' lang='lat' dir='ltr'><strong>si-</strong></span> 
     </span>
     <span class='ocr_line' id='line_1_27' title="bbox 166 3357 1211 3441; baseline -0.004 -10"><span class='ocrx_word' id='word_1_187' title='bbox 166 3361 315 3431; x_wconf 90' lang='lat' dir='ltr'><strong>lentium</strong></span> <span class='ocrx_word' id='word_1_188' title='bbox 343 3360 431 3429; x_wconf 89' lang='lat' dir='ltr'><strong>illud</strong></span> <span class='ocrx_word' id='word_1_189' title='bbox 461 3360 553 3429; x_wconf 88' lang='lat' dir='ltr'><strong>male</strong></span> <span class='ocrx_word' id='word_1_190' title='bbox 581 3360 787 3441; x_wconf 87' lang='lat' dir='ltr'><strong>ominatum,</strong></span> <span class='ocrx_word' id='word_1_191' title='bbox 812 3358 983 3427; x_wconf 91' lang='lat' dir='ltr'><strong>nobilium</strong></span> <span class='ocrx_word' id='word_1_192' title='bbox 1011 3357 1211 3440; x_wconf 88' lang='lat' dir='ltr'><strong>muliemm,</strong></span> 
     </span>
     <span class='ocr_line' id='line_1_28' title="bbox 168 3473 1211 3568; baseline -0.004 -21"><span class='ocrx_word' id='word_1_193' title='bbox 168 3501 255 3568; x_wconf 77' lang='lat' dir='ltr'><strong>qnae,</strong></span> <span class='ocrx_word' id='word_1_194' title='bbox 276 3477 376 3546; x_wconf 88' lang='lat' dir='ltr'><strong>clade</strong></span> <span class='ocrx_word' id='word_1_195' title='bbox 403 3475 512 3545; x_wconf 91' lang='lat' dir='ltr'><strong>semel</strong></span> <span class='ocrx_word' id='word_1_196' title='bbox 538 3476 669 3556; x_wconf 85' lang='lat' dir='ltr'><strong>audita,</strong></span> <span class='ocrx_word' id='word_1_197' title='bbox 700 3475 820 3544; x_wconf 88' lang='lat' dir='ltr'><strong>statim</strong></span> <span class='ocrx_word' id='word_1_198' title='bbox 849 3474 892 3543; x_wconf 90' lang='lat' dir='ltr'><strong>ad</strong></span> <span class='ocrx_word' id='word_1_199' title='bbox 921 3473 1066 3564; x_wconf 88' lang='lat' dir='ltr'><strong>laqueos</strong></span> <span class='ocrx_word' id='word_1_200' title='bbox 1089 3473 1145 3542; x_wconf 84' lang='lat' dir='ltr'><strong>vel</strong></span> <span class='ocrx_word' id='word_1_201' title='bbox 1170 3473 1211 3543; x_wconf 90' lang='lat' dir='ltr'><strong>ad</strong></span> 
     </span>
     <span class='ocr_line' id='line_1_29' title="bbox 167 3589 1212 3686; baseline -0.003 -24"><span class='ocrx_word' id='word_1_202' title='bbox 167 3592 300 3686; x_wconf 87' lang='lat' dir='ltr'><strong>gladios</strong></span> <span class='ocrx_word' id='word_1_203' title='bbox 326 3591 486 3660; x_wconf 89' lang='lat' dir='ltr'><strong>abierint.</strong></span> <span class='ocrx_word' id='word_1_204' title='bbox 540 3590 683 3682; x_wconf 84' lang='lat' dir='ltr'><strong>Nempe</strong></span> <span class='ocrx_word' id='word_1_205' title='bbox 709 3589 753 3658; x_wconf 91' lang='lat' dir='ltr'><strong>de</strong></span> <span class='ocrx_word' id='word_1_206' title='bbox 779 3589 923 3659; x_wconf 85' lang='lat' dir='ltr'><strong>Jocasta</strong></span> <span class='ocrx_word' id='word_1_207' title='bbox 947 3589 1102 3680; x_wconf 89' lang='lat' dir='ltr'><strong>primum</strong></span> <span class='ocrx_word' id='word_1_208' title='bbox 1130 3590 1212 3659; x_wconf 89' lang='lat' dir='ltr'><strong>dici·</strong></span> 
     </span>
    </p>
   </div>
   <div class='ocr_carea' id='block_1_3' title="bbox 169 3718 899 4043">
    <p class='ocr_par' dir='ltr' id='par_1_4' title="bbox 169 3718 899 4043">
     <span class='ocr_line' id='line_1_30' title="bbox 237 3718 252 3752; baseline 0 0"><span class='ocrx_word' id='word_1_209' title='bbox 237 3718 252 3752; x_wconf 88' lang='lat' dir='ltr'><strong>c</strong></span> 
     </span>
     <span class='ocr_line' id='line_1_31' title="bbox 169 3719 875 3871; baseline -0.004 -13"><span class='ocrx_word' id='word_1_210' title='bbox 169 3719 228 3779; x_wconf 66' lang='lat' dir='ltr'><strong>tur</strong></span> <span class='ocrx_word' id='word_1_211' title='bbox 253 3761 262 3789; x_wconf 44' lang='lat'>⁹</span> <span class='ocrx_word' id='word_1_212' title='bbox 344 3803 369 3857; x_wconf 80' lang='grc' dir='ltr'><strong>τί</strong></span> <span class='ocrx_word' id='word_1_213' title='bbox 379 3824 442 3856; x_wconf 84' lang='grc' dir='ltr'>ποτε</span> <span class='ocrx_word' id='word_1_214' title='bbox 454 3801 573 3869; x_wconf 77' lang='grc' dir='ltr'>βέβηκεν,</span> <span class='ocrx_word' id='word_1_215' title='bbox 588 3799 717 3864; x_wconf 74' lang='grc' dir='ltr'>Οἰδίπους,</span> <span class='ocrx_word' id='word_1_216' title='bbox 730 3800 771 3855; x_wconf 84' lang='grc' dir='ltr'><strong>ὑπ’</strong></span> <span class='ocrx_word' id='word_1_217' title='bbox 785 3798 875 3871; x_wconf 70' lang='grc' dir='ltr'>ἀγρίας</span> 
     </span>
     <span class='ocr_line' id='line_1_32' title="bbox 345 3884 850 3958; baseline 0.002 -17"><span class='ocrx_word' id='word_1_218' title='bbox 345 3886 441 3958; x_wconf 53' lang='lat' dir='ltr'><strong>eigana</strong></span> <span class='ocrx_word' id='word_1_219' title='bbox 453 3885 536 3955; x_wconf 75' lang='grc' dir='ltr'>λύπης</span> <span class='ocrx_word' id='word_1_220' title='bbox 548 3885 562 3954; x_wconf 79' lang='grc' dir='ltr'>ἡ</span> <span class='ocrx_word' id='word_1_221' title='bbox 575 3884 655 3956; x_wconf 53' lang='lat' dir='ltr'><strong>purim</strong></span> <span class='ocrx_word' id='word_1_222' title='bbox 672 3885 767 3956; x_wconf 81' lang='grc' dir='ltr'>δέδοιχ’</span> <span class='ocrx_word' id='word_1_223' title='bbox 781 3885 850 3942; x_wconf 69' lang='grc' dir='ltr'><strong><em>ὅπως</em></strong></span> 
     </span>
     <span class='ocr_line' id='line_1_33' title="bbox 345 3971 899 4043; baseline -0.007 -14"><span class='ocrx_word' id='word_1_224' title='bbox 345 3975 379 4043; x_wconf 76' lang='grc' dir='ltr'><strong>μὴ</strong></span> <span class='ocrx_word' id='word_1_225' title='bbox 391 3974 414 4028; x_wconf 78' lang='grc' dir='ltr'><strong>’κ</strong></span> <span class='ocrx_word' id='word_1_226' title='bbox 427 3977 471 4042; x_wconf 75' lang='grc' dir='ltr'><strong>τῆς</strong></span> <span class='ocrx_word' id='word_1_227' title='bbox 485 3977 582 4041; x_wconf 73' lang='grc' dir='ltr'>σιωπῆς</span> <span class='ocrx_word' id='word_1_228' title='bbox 594 3971 666 4041; x_wconf 73' lang='grc' dir='ltr'>τῆσδ’</span> <span class='ocrx_word' id='word_1_229' title='bbox 680 3971 815 4042; x_wconf 76' lang='grc' dir='ltr'>ἄναρρήξει</span> <span class='ocrx_word' id='word_1_230' title='bbox 829 3974 899 4026; x_wconf 88' lang='grc' dir='ltr'><em>κακά.</em></span> 
     </span>
    </p>
   </div>
   <div class='ocr_carea' id='block_1_4' title="bbox 564 4191 820 4260">
    <p class='ocr_par' dir='ltr' id='par_1_5' title="bbox 564 4191 820 4260">
     <span class='ocr_line' id='line_1_34' title="bbox 564 4191 820 4260; baseline -0.012 -15"><span class='ocrx_word' id='word_1_231' title='bbox 564 4191 650 4245; x_wconf 80' lang='lat' dir='ltr'><strong>cOEd.</strong></span> <span class='ocrx_word' id='word_1_232' title='bbox 668 4192 727 4258; x_wconf 63' lang='lat' dir='ltr'><strong>lyr.</strong></span> <span class='ocrx_word' id='word_1_233' title='bbox 745 4207 820 4260; x_wconf 86' lang='lat'><strong>109²·</strong></span> 
     </span>
    </p>
   </div>
   <div class='ocr_carea' id='block_1_5' title="bbox 0 0 1391 4876">
    <p class='ocr_par' dir='ltr' id='par_1_6' title="bbox 0 0 1391 4876">
     <span class='ocr_line' id='line_1_35' title="bbox 0 0 1391 4876; baseline 0 0"><span class='ocrx_word' id='word_1_234' title='bbox 0 0 1391 4876; x_wconf 95' lang='lat' dir='ltr'><strong> </strong></span> 
     </span>
    </p>
   </div>
  </div>
 </body>
</html>
