2768 4876
78 320 223 363 σακκία.
321 323 376 366 car
389 303 714 390 AEocidasproectpua
728 306 841 372 ῖαιιιῖιι.
1015 308 1080 372 535

78 481 153 542 ante
183 495 258 564 prae
285 475 424 544 caeteris
450 474 649 567 gratulatur
679 476 854 570 AEginetae
883 477 1007 547 victori
1042 478 1079 546 in

78 590 201 660 rebano
216 589 370 681 quodam
388 591 581 661 certamine
592 601 611 650 8
620 615 628 662 :

208 718 290 773 οὕνεκ’
302 718 498 790 Ἀμφιτρύωνος
508 720 608 792 ἀγλαόν
619 722 689 792 παρὰ
700 720 801 790 τύμβον

209 806 333 875 Καδμεῖοί
344 828 383 860 νιν
394 807 440 859 οὐκ
452 805 568 863 ἀέκοντες
579 807 669 862 ἄνθεσι
680 808 787 878 μίγνυον

210 892 314 962 Αἰγίνας
326 891 403 946 ἕκατι
423 893 529 961 φίλοισι
541 894 592 965 γὰρ
604 895 685 965 φίλος
696 894 781 948 ε’λθῶν

211 975 295 1046 ξένιον
306 978 373 1033 derv
386 977 542 1048 κατέδραμεν

206 1062 350 1134 Ἡρακλέος
361 1064 455 1130 ὀλβίαν
465 1067 532 1136 πρός
543 1065 632 1120 αὐλόν.

78 1178 286 1270 >prehendat
315 1179 370 1249 his
398 1181 545 1251 fortasse
574 1179 699 1273 aliquis
726 1181 875 1273 vestigia
908 1182 1078 1251 nonnulla

79 1295 158 1363 vati
176 1317 317 1386 quoque
339 1295 495 1388 hospitii,
513 1299 606 1389 quod
625 1297 867 1366 intercedebat
884 1298 977 1366 inter
995 1296 1078 1366 Pin-

78 1421 211 1480 ‚umet
233 1412 414 1503 primarios
431 1414 602 1504 quosdam
619 1413 823 1506 AEginetas3
853 1414 1026 1505 praecipue
1048 1414 1075 1482 si

98 1527 339 1610 conferantur,
362 1552 440 1620 quae
465 1529 535 1599 alio
562 1531 716 1598 carmine
742 1530 880 1621 scripsit
909 1530 1005 1599 idem
1032 1531 1077 1598 de

78 1664 136 1711 mo
163 1643 305 1713 victoris
326 1644 516 1738 AEginetae‚
539 1669 645 1737 quem
671 1644 821 1714 Herculi
850 1645 1077 1714 commendat

78 1766 128 1828 ‚ut
142 1759 310 1842 vicinum,
320 1760 544 1830 habitantem
560 1784 689 1853 nempe
705 1761 799 1831 inter
812 1763 882 1832 duo
893 1760 963 1830 Dei
980 1760 1076 1830 illius

78 1873 173 1958 urbe
190 1875 371 1968 AEginensi
389 1873 551 1946 sacellah.

207 2004 271 2068 ἐπεὶ,
283 2007 462 2075 τετραόροισιν
475 2004 518 2059 ὧθ
530 2004 649 2077 ἁρμότων
661 2008 755 2077 ζυγοῖς,

206 2091 233 2146 έν
245 2091 381 2161 τεμένεσσι
394 2093 474 2160 δόμον
486 2094 540 2161 ἔχει
552 2097 626 2157 τεοῖς,
639 2093 788 2165 ἅμφότερας
800 2093 844 2147 iba
855 2094 952 2162 χειρός.

78 2205 184 2275 abetis
203 2206 361 2275 locorum
385 2230 556 2299 gnarum;
580 2208 710 2299 quippe
736 2207 899 2298 hospitio,
917 2215 958 2275 ut
976 2207 1074 2297 equi-

78 2347 110 2392 n
141 2346 302 2416 auguror,
331 2346 402 2391 non
432 2323 543 2393 semel
574 2332 766 2414 exceptum
796 2322 940 2393 ibidem.
993 2323 1075 2405 Quo

78 2461 145 2509 nus
162 2439 299 2521 mirere,
314 2439 399 2530 quid
417 2461 530 2508 causae
547 2438 665 2523 fuerit,
683 2442 776 2531 quod
794 2439 968 2532 AEginetis
985 2439 1074 2508 adeo

78 2564 164 2626 eret
182 2555 364 2636 Pindarus,
386 2561 427 2623 ut
453 2554 645 2624 maximam
667 2557 876 2647 quandoque
902 2555 1074 2624 tribueret

82 2679 224 2765 partem
242 2670 465 2740 nobilissimae
483 2671 576 2761 apud
591 2670 769 2741 Salamina
786 2694 928 2764 pugnae:
952 2672 1005 2740 ita
1021 2679 1075 2740 ta-

78 2811 119 2870 en,
146 2795 188 2856 ut
214 2786 335 2857 sedulo
362 2794 543 2855 amoveret
569 2788 803 2879 suspicionem
828 2787 942 2857 laudis
969 2787 1073 2857 nimis

78 2898 236 2974 idiosaei.

168 3039 210 3092 καί
224 3041 269 3093 νῦν
287 3039 313 3093 έν
328 3036 399 3108 'Apri
413 3038 576 3110 μαρτυρήσαι
592 3061 634 3094 κεν
648 3041 726 3094 πόλις
737 3039 844 3095 Αίόντος
855 3038 1001 3110 ὀρθωθεῖσα
1013 3036 1073 3093 ναύ-

202 3148 257 3182 ταις
269 3125 296 3180 έν
308 3125 479 3199 πολυφθόρῳ,
492 3127 613 3195 Σόλαμις,
626 3127 688 3181 Διὸς
700 3125 798 3198 ὄμβρῳ,

167 3211 313 3283 ἀναρίθμων
323 3211 423 3282 ἀνδρῶν
434 3210 587 3282 χαλαζαέντι
599 3213 680 3284 φόνῳ·

167 3297 227 3351 ἀλλ’
237 3297 305 3367 ὅμως
317 3295 435 3367 καύχημα
447 3298 590 3369 κατάβρεχε
604 3301 675 3368 σιγᾷ·

168 3385 231 3440 Ζεὺς
241 3384 273 3438 τό
284 3407 311 3438 τε
324 3385 366 3438 καὶ
378 3385 410 3438 τὰ
422 3385 500 3453 νέμει,

168 3470 229 3525 Ζεὺς
241 3469 367 3524 ἁπάντων
379 3469 473 3541 κύριος.

78 3607 145 3655 mo
162 3585 300 3654 disertis
318 3586 368 3654 ait
386 3585 511 3667 verbis,
529 3583 641 3654 solere
659 3605 759 3653 suam
776 3581 933 3665 Musam,
947 3582 1070 3653 relicto

78 3708 247 3792 gumento,
276 3700 372 3769 ultro
406 3723 593 3770 excurrere
623 3701 659 3767 in
693 3698 815 3768 laudes
845 3696 1069 3767 AEaoidarum

78 3817 176 3899 neris,
205 3839 276 3908 prae
306 3817 444 3886 caeteris
475 3823 650 3908 quotquot
679 3836 836 3904 uuquam
865 3820 965 3882 erant
995 3811 1072 3881 He-

78 3953 85 3978 .
113 3927 152 3972 k·

78 3953 103 4001 ‘⁸
144 3983 152 4000 ·
185 4025 215 4079 τὸ
227 4024 249 4078 δ’
262 4025 323 4093 ε’μόν
334 4024 380 4078 οὐκ
392 4025 452 4094 ἄτερ
465 4024 588 4078 Αίακιθᾶν
600 4023 660 4096 κέαρ
672 4022 757 4094 ὕμνων
767 4021 878 4095 γεύεται.

85 4157 208 4219 autern
226 4149 361 4241 optimo
378 4148 487 4240 ipsius
504 4149 578 4217 fato
595 4147 731 4219 factum
747 4146 855 4215 fuisse
879 4167 985 4214 nemo
1008 4167 1070 4214 ne-

88 4331 162 4384 Nem.
177 4349 202 4396 4.
216 4347 259 4400 31·
332 4329 427 4383 11Ιόιίί.
442 4328 538 4399 7.136.
610 4327 718 4381 ¹Istbm.
732 4347 757 4393 4.
771 4327 814 4382 60.
884 4325 1014 4391 ¹¹Ibt‘d.4.
1026 4342 1068 4391 24.
