<?xml version="1.0" encoding="UTF-8"?>
<!DOCTYPE html PUBLIC "-//W3C//DTD XHTML 1.0 Transitional//EN"
    "http://www.w3.org/TR/xhtml1/DTD/xhtml1-transitional.dtd">
<html xmlns="http://www.w3.org/1999/xhtml" xml:lang="en" lang="en">
 <head>
  <title>
</title>
<meta http-equiv="Content-Type" content="text/html;charset=utf-8" />
  <meta name='ocr-system' content='tesseract 3.04.00' />
  <meta name='ocr-capabilities' content='ocr_page ocr_carea ocr_par ocr_line ocrx_word'/>
</head>
<body>
  <div class='ocr_page' id='page_1' title='image "./depoeticaevimed00keblgoog_0074.png"; bbox 0 0 2768 4876; ppageno 0'>
   <div class='ocr_carea' id='block_1_1' title="bbox 175 311 890 396">
    <p class='ocr_par' dir='ltr' id='par_1_1' title="bbox 175 311 890 396">
     <span class='ocr_line' id='line_1_1' title="bbox 175 311 890 396; baseline 0.008 -26"><span class='ocrx_word' id='word_1_1' title='bbox 175 331 271 372; x_wconf 71' lang='lat' dir='ltr'>rnen.</span> <span class='ocrx_word' id='word_1_2' title='bbox 289 331 380 371; x_wconf 86' lang='lat' dir='ltr'><strong>xxm.</strong></span> <span class='ocrx_word' id='word_1_3' title='bbox 525 311 574 373; x_wconf 81' lang='lat' dir='ltr'>Do</span> <span class='ocrx_word' id='word_1_4' title='bbox 588 311 715 396; x_wconf 66' lang='lat' dir='ltr'>Epaphi</span> <span class='ocrx_word' id='word_1_5' title='bbox 728 312 890 378; x_wconf 76' lang='lat' dir='ltr'>natalibus.</span> 
     </span>
    </p>
   </div>
   <div class='ocr_carea' id='block_1_2' title="bbox 175 480 1071 697">
    <p class='ocr_par' dir='ltr' id='par_1_2' title="bbox 175 480 1071 697">
     <span class='ocr_line' id='line_1_2' title="bbox 175 480 1005 573; baseline 0.006 -24"><span class='ocrx_word' id='word_1_6' title='bbox 175 481 351 550; x_wconf 88' lang='lat' dir='ltr'>attendite</span> <span class='ocrx_word' id='word_1_7' title='bbox 368 480 437 563; x_wconf 89' lang='lat' dir='ltr'>hic,</span> <span class='ocrx_word' id='word_1_8' title='bbox 455 504 582 573; x_wconf 87' lang='lat' dir='ltr'>quaeso,</span> <span class='ocrx_word' id='word_1_9' title='bbox 600 484 746 552; x_wconf 91' lang='lat' dir='ltr'>modum</span> <span class='ocrx_word' id='word_1_10' title='bbox 764 485 1005 554; x_wconf 87' lang='lat' dir='ltr'>curationis-</span> 
     </span>
     <span class='ocr_line' id='line_1_3' title="bbox 388 621 1071 697; baseline 0.009 -23"><span class='ocrx_word' id='word_1_11' title='bbox 388 621 514 693; x_wconf 78' lang='grc' dir='ltr'>ἐπαφῶν</span> <span class='ocrx_word' id='word_1_12' title='bbox 531 623 663 695; x_wconf 81' lang='grc' dir='ltr'>ἀταρβεῖ</span> <span class='ocrx_word' id='word_1_13' title='bbox 680 626 774 696; x_wconf 86' lang='grc' dir='ltr'>χειρὶ,</span> <span class='ocrx_word' id='word_1_14' title='bbox 790 627 839 679; x_wconf 77' lang='grc' dir='ltr'>καὶ</span> <span class='ocrx_word' id='word_1_15' title='bbox 858 626 953 697; x_wconf 88' lang='grc' dir='ltr'>θίγων</span> <span class='ocrx_word' id='word_1_16' title='bbox 969 629 1071 696; x_wconf 83' lang='grc' dir='ltr'>μόνον.</span> 
     </span>
    </p>
   </div>
   <div class='ocr_carea' id='block_1_3' title="bbox 173 742 1224 1420">
    <p class='ocr_par' dir='ltr' id='par_1_3' title="bbox 173 742 1224 1287">
     <span class='ocr_line' id='line_1_4' title="bbox 175 742 1222 840; baseline 0.004 -27"><span class='ocrx_word' id='word_1_17' title='bbox 175 742 354 827; x_wconf 85' lang='lat' dir='ltr'><strong>Quorsum</strong></span> <span class='ocrx_word' id='word_1_18' title='bbox 373 744 456 827; x_wconf 86' lang='lat' dir='ltr'>haec,</span> <span class='ocrx_word' id='word_1_19' title='bbox 473 744 540 814; x_wconf 91' lang='lat' dir='ltr'>nisi</span> <span class='ocrx_word' id='word_1_20' title='bbox 558 753 599 814; x_wconf 91' lang='lat' dir='ltr'>ut</span> <span class='ocrx_word' id='word_1_21' title='bbox 622 746 824 840; x_wconf 80' lang='lat' dir='ltr'>intelligant</span> <span class='ocrx_word' id='word_1_22' title='bbox 848 749 1019 832; x_wconf 91' lang='lat' dir='ltr'>homines,</span> <span class='ocrx_word' id='word_1_23' title='bbox 1037 748 1135 818; x_wconf 93' lang='lat' dir='ltr'>nullo</span> <span class='ocrx_word' id='word_1_24' title='bbox 1156 751 1222 818; x_wconf 90' lang='lat' dir='ltr'>nisi</span> 
     </span>
     <span class='ocr_line' id='line_1_5' title="bbox 174 859 1221 951; baseline 0.006 -23"><span class='ocrx_word' id='word_1_25' title='bbox 174 859 234 951; x_wconf 94' lang='lat' dir='ltr'>pio</span> <span class='ocrx_word' id='word_1_26' title='bbox 267 868 434 951; x_wconf 87' lang='lat' dir='ltr'>castoque</span> <span class='ocrx_word' id='word_1_27' title='bbox 468 883 588 930; x_wconf 86' lang='lat' dir='ltr'>amore</span> <span class='ocrx_word' id='word_1_28' title='bbox 622 884 684 930; x_wconf 89' lang='lat' dir='ltr'>seu</span> <span class='ocrx_word' id='word_1_29' title='bbox 715 862 874 932; x_wconf 85' lang='lat' dir='ltr'>Deorum</span> <span class='ocrx_word' id='word_1_30' title='bbox 909 865 983 934; x_wconf 84' lang='lat' dir='ltr'>sive</span> <span class='ocrx_word' id='word_1_31' title='bbox 1016 865 1221 935; x_wconf 81' lang='lat' dir='ltr'><strong>mortalium</strong></span> 
     </span>
     <span class='ocr_line' id='line_1_6' title="bbox 174 976 1224 1072; baseline 0.007 -28"><span class='ocrx_word' id='word_1_32' title='bbox 174 976 351 1066; x_wconf 85' lang='lat' dir='ltr'>compesci</span> <span class='ocrx_word' id='word_1_33' title='bbox 381 999 538 1067; x_wconf 88' lang='lat' dir='ltr'>unquam</span> <span class='ocrx_word' id='word_1_34' title='bbox 566 976 845 1048; x_wconf 86' lang='lat' dir='ltr'>vehementiores</span> <span class='ocrx_word' id='word_1_35' title='bbox 871 979 1030 1062; x_wconf 89' lang='lat' dir='ltr'>affectus,</span> <span class='ocrx_word' id='word_1_36' title='bbox 1055 989 1092 1049; x_wconf 88' lang='lat' dir='ltr'>et</span> <span class='ocrx_word' id='word_1_37' title='bbox 1120 982 1224 1072; x_wconf 87' lang='lat' dir='ltr'>juve-</span> 
     </span>
     <span class='ocr_line' id='line_1_7' title="bbox 173 1090 1221 1188; baseline 0.007 -30"><span class='ocrx_word' id='word_1_38' title='bbox 173 1090 301 1160; x_wconf 92' lang='lat' dir='ltr'>nilium</span> <span class='ocrx_word' id='word_1_39' title='bbox 335 1090 532 1160; x_wconf 89' lang='lat' dir='ltr'>animorum</span> <span class='ocrx_word' id='word_1_40' title='bbox 567 1093 747 1162; x_wconf 70' lang='lat' dir='ltr'>errorem?</span> <span class='ocrx_word' id='word_1_41' title='bbox 802 1093 872 1163; x_wconf 86' lang='lat' dir='ltr'>Sed</span> <span class='ocrx_word' id='word_1_42' title='bbox 914 1097 1041 1187; x_wconf 86' lang='lat' dir='ltr'>pergit,</span> <span class='ocrx_word' id='word_1_43' title='bbox 1075 1098 1221 1188; x_wconf 89' lang='lat' dir='ltr'>augurio</span> 
     </span>
     <span class='ocr_line' id='line_1_8' title="bbox 173 1205 520 1287; baseline 0 -13"><span class='ocrx_word' id='word_1_44' title='bbox 173 1205 387 1287; x_wconf 91' lang='lat' dir='ltr'>felicissimo,</span> <span class='ocrx_word' id='word_1_45' title='bbox 402 1214 520 1275; x_wconf 82' lang='lat' dir='ltr'>vates:</span> 
     </span>
    </p>

    <p class='ocr_par' dir='ltr' id='par_1_4' title="bbox 383 1350 863 1420">
     <span class='ocr_line' id='line_1_9' title="bbox 383 1350 863 1420; baseline -0.002 -16"><span class='ocrx_word' id='word_1_46' title='bbox 383 1350 515 1419; x_wconf 82' lang='grc' dir='ltr'>ε’πῶννμον</span> <span class='ocrx_word' id='word_1_47' title='bbox 527 1350 555 1403; x_wconf 77' lang='grc' dir='ltr'>δὲ</span> <span class='ocrx_word' id='word_1_48' title='bbox 568 1354 619 1403; x_wconf 87' lang='grc' dir='ltr'>τῶν</span> <span class='ocrx_word' id='word_1_49' title='bbox 631 1351 692 1405; x_wconf 80' lang='grc' dir='ltr'>Διὸς</span> <span class='ocrx_word' id='word_1_50' title='bbox 702 1352 863 1420; x_wconf 80' lang='grc' dir='ltr'>γεννημάτων</span> 
     </span>
    </p>
   </div>
   <div class='ocr_carea' id='block_1_4' title="bbox 384 1434 950 1593">
    <p class='ocr_par' dir='ltr' id='par_1_5' title="bbox 384 1434 950 1593">
     <span class='ocr_line' id='line_1_10' title="bbox 384 1434 950 1507; baseline 0 -17"><span class='ocrx_word' id='word_1_51' title='bbox 384 1436 467 1503; x_wconf 77' lang='grc' dir='ltr'>τέξεις</span> <span class='ocrx_word' id='word_1_52' title='bbox 478 1437 594 1490; x_wconf 84' lang='grc' dir='ltr'>κελαινὸν</span> <span class='ocrx_word' id='word_1_53' title='bbox 600 1434 734 1506; x_wconf 81' lang='grc' dir='ltr'>Ἔπαφον,</span> <span class='ocrx_word' id='word_1_54' title='bbox 747 1435 776 1492; x_wconf 78' lang='grc' dir='ltr'>ὃς</span> <span class='ocrx_word' id='word_1_55' title='bbox 787 1439 950 1507; x_wconf 82' lang='grc' dir='ltr'>καρπώσεται</span> 
     </span>
     <span class='ocr_line' id='line_1_11' title="bbox 384 1520 946 1593; baseline 0.002 -19"><span class='ocrx_word' id='word_1_56' title='bbox 384 1521 450 1590; x_wconf 78' lang='grc' dir='ltr'>ὅσην</span> <span class='ocrx_word' id='word_1_57' title='bbox 460 1520 624 1593; x_wconf 75' lang='grc' dir='ltr'>πλατύρρους</span> <span class='ocrx_word' id='word_1_58' title='bbox 637 1524 731 1577; x_wconf 82' lang='grc' dir='ltr'>Νεῖλος</span> <span class='ocrx_word' id='word_1_59' title='bbox 742 1520 843 1593; x_wconf 81' lang='grc' dir='ltr'>ἀρδεύει</span> <span class='ocrx_word' id='word_1_60' title='bbox 855 1522 946 1592; x_wconf 86' lang='grc' dir='ltr'>χθόνα.</span> 
     </span>
    </p>
   </div>
   <div class='ocr_carea' id='block_1_5' title="bbox 169 1641 1250 2646">
    <p class='ocr_par' dir='ltr' id='par_1_6' title="bbox 169 1641 1250 2527">
     <span class='ocr_line' id='line_1_12' title="bbox 226 1641 1218 1736; baseline 0.002 -22"><span class='ocrx_word' id='word_1_61' title='bbox 226 1642 330 1725; x_wconf 86' lang='lat' dir='ltr'>Satis,</span> <span class='ocrx_word' id='word_1_62' title='bbox 362 1643 477 1723; x_wconf 89' lang='lat' dir='ltr'>eredo,</span> <span class='ocrx_word' id='word_1_63' title='bbox 511 1650 658 1733; x_wconf 86' lang='lat' dir='ltr'>apparet</span> <span class='ocrx_word' id='word_1_64' title='bbox 693 1641 842 1733; x_wconf 88' lang='lat' dir='ltr'>Epapho</span> <span class='ocrx_word' id='word_1_65' title='bbox 876 1643 935 1712; x_wconf 88' lang='lat' dir='ltr'>isti</span> <span class='ocrx_word' id='word_1_66' title='bbox 974 1642 1079 1736; x_wconf 88' lang='lat' dir='ltr'>longe</span> <span class='ocrx_word' id='word_1_67' title='bbox 1114 1646 1218 1716; x_wconf 90' lang='lat' dir='ltr'>aliam</span> 
     </span>
     <span class='ocr_line' id='line_1_13' title="bbox 172 1755 1220 1852; baseline 0.003 -24"><span class='ocrx_word' id='word_1_68' title='bbox 172 1759 345 1852; x_wconf 85' lang='lat' dir='ltr'>originem</span> <span class='ocrx_word' id='word_1_69' title='bbox 374 1757 551 1850; x_wconf 86' lang='lat' dir='ltr'>assignari,</span> <span class='ocrx_word' id='word_1_70' title='bbox 579 1765 686 1848; x_wconf 85' lang='lat' dir='ltr'>atque</span> <span class='ocrx_word' id='word_1_71' title='bbox 715 1755 821 1849; x_wconf 88' lang='lat' dir='ltr'>vulgo</span> <span class='ocrx_word' id='word_1_72' title='bbox 856 1779 989 1840; x_wconf 90' lang='lat' dir='ltr'>eorum,</span> <span class='ocrx_word' id='word_1_73' title='bbox 1015 1781 1103 1849; x_wconf 88' lang='lat' dir='ltr'>quos</span> <span class='ocrx_word' id='word_1_74' title='bbox 1130 1761 1220 1831; x_wconf 88' lang='lat' dir='ltr'>filios</span> 
     </span>
     <span class='ocr_line' id='line_1_14' title="bbox 171 1871 1218 1967; baseline 0.003 -24"><span class='ocrx_word' id='word_1_75' title='bbox 171 1873 330 1967; x_wconf 86' lang='lat' dir='ltr'>filiasque</span> <span class='ocrx_word' id='word_1_76' title='bbox 355 1874 480 1943; x_wconf 80' lang='lat' dir='ltr'>tribuit</span> <span class='ocrx_word' id='word_1_77' title='bbox 506 1895 645 1944; x_wconf 86' lang='lat' dir='ltr'>summo</span> <span class='ocrx_word' id='word_1_78' title='bbox 662 1871 744 1941; x_wconf 90' lang='lat' dir='ltr'>Jovi</span> <span class='ocrx_word' id='word_1_79' title='bbox 770 1872 879 1963; x_wconf 91' lang='lat' dir='ltr'>impia</span> <span class='ocrx_word' id='word_1_80' title='bbox 901 1881 1061 1942; x_wconf 85' lang='lat' dir='ltr'>veterum</span> <span class='ocrx_word' id='word_1_81' title='bbox 1087 1877 1218 1966; x_wconf 90' lang='lat' dir='ltr'>pietas:</span> 
     </span>
     <span class='ocr_line' id='line_1_15' title="bbox 170 1987 1250 2082; baseline 0.001 -23"><span class='ocrx_word' id='word_1_82' title='bbox 170 1991 300 2082; x_wconf 88' lang='lat' dir='ltr'>quippe</span> <span class='ocrx_word' id='word_1_83' title='bbox 320 1990 381 2081; x_wconf 93' lang='lat' dir='ltr'>qui</span> <span class='ocrx_word' id='word_1_84' title='bbox 403 1997 513 2070; x_wconf 87' lang='lat' dir='ltr'>tactu,</span> <span class='ocrx_word' id='word_1_85' title='bbox 531 1996 572 2057; x_wconf 91' lang='lat' dir='ltr'>ut</span> <span class='ocrx_word' id='word_1_86' title='bbox 594 1987 758 2069; x_wconf 83' lang='lat' dir='ltr'>diximus,</span> <span class='ocrx_word' id='word_1_87' title='bbox 777 1987 946 2080; x_wconf 79' lang='lat' dir='ltr'>simplice,</span> <span class='ocrx_word' id='word_1_88' title='bbox 968 1998 1005 2058; x_wconf 88' lang='lat' dir='ltr'>et</span> <span class='ocrx_word' id='word_1_89' title='bbox 1031 1989 1144 2060; x_wconf 89' lang='lat' dir='ltr'>halitu</span> <span class='ocrx_word' id='word_1_90' title='bbox 1168 1992 1220 2060; x_wconf 92' lang='lat' dir='ltr'>di·</span> <span class='ocrx_word' id='word_1_91' title='bbox 1247 2077 1250 2081; x_wconf 67' lang='lat'>,</span> 
     </span>
     <span class='ocr_line' id='line_1_16' title="bbox 171 2101 1217 2194; baseline 0.001 -20"><span class='ocrx_word' id='word_1_92' title='bbox 171 2107 242 2175; x_wconf 91' lang='lat' dir='ltr'>vini</span> <span class='ocrx_word' id='word_1_93' title='bbox 259 2104 329 2174; x_wconf 87' lang='lat' dir='ltr'>oris</span> <span class='ocrx_word' id='word_1_94' title='bbox 346 2112 519 2174; x_wconf 88' lang='lat' dir='ltr'>nascatur.</span> <span class='ocrx_word' id='word_1_95' title='bbox 573 2101 697 2194; x_wconf 83' lang='lat' dir='ltr'>Atque</span> <span class='ocrx_word' id='word_1_96' title='bbox 720 2104 757 2170; x_wconf 94' lang='lat' dir='ltr'>in</span> <span class='ocrx_word' id='word_1_97' title='bbox 782 2126 824 2172; x_wconf 90' lang='lat' dir='ltr'>eo</span> <span class='ocrx_word' id='word_1_98' title='bbox 846 2102 1015 2173; x_wconf 89' lang='lat' dir='ltr'>miraculo</span> <span class='ocrx_word' id='word_1_99' title='bbox 1041 2106 1129 2174; x_wconf 89' lang='lat' dir='ltr'>mire</span> <span class='ocrx_word' id='word_1_100' title='bbox 1151 2107 1217 2176; x_wconf 87' lang='lat' dir='ltr'>sibi</span> 
     </span>
     <span class='ocr_line' id='line_1_17' title="bbox 170 2218 1217 2312; baseline -0.001 -21"><span class='ocrx_word' id='word_1_101' title='bbox 170 2221 342 2312; x_wconf 82' lang='lat' dir='ltr'>placuisse</span> <span class='ocrx_word' id='word_1_102' title='bbox 359 2218 565 2311; x_wconf 83' lang='lat' dir='ltr'>AEschylum</span> <span class='ocrx_word' id='word_1_103' title='bbox 583 2225 761 2287; x_wconf 86' lang='lat' dir='ltr'>testantur</span> <span class='ocrx_word' id='word_1_104' title='bbox 785 2219 915 2286; x_wconf 87' lang='lat' dir='ltr'>iterum</span> <span class='ocrx_word' id='word_1_105' title='bbox 941 2218 1142 2309; x_wconf 86' lang='lat' dir='ltr'>iterumque</span> <span class='ocrx_word' id='word_1_106' title='bbox 1163 2244 1217 2290; x_wconf 90' lang='lat' dir='ltr'>re-</span> 
     </span>
     <span class='ocr_line' id='line_1_18' title="bbox 169 2329 1217 2426; baseline -0.014 -20"><span class='ocrx_word' id='word_1_107' title='bbox 169 2335 293 2426; x_wconf 88' lang='lat' dir='ltr'>petitae</span> <span class='ocrx_word' id='word_1_108' title='bbox 311 2334 387 2424; x_wconf 90' lang='lat' dir='ltr'>ejus</span> <span class='ocrx_word' id='word_1_109' title='bbox 404 2332 525 2402; x_wconf 89' lang='lat' dir='ltr'>laudes</span> <span class='ocrx_word' id='word_1_110' title='bbox 542 2333 635 2423; x_wconf 93' lang='lat' dir='ltr'>apud</span> <span class='ocrx_word' id='word_1_111' title='bbox 654 2329 820 2405; x_wconf 77' lang='grc' dir='ltr'>Ἰκετῖδας.</span> <span class='ocrx_word' id='word_1_112' title='bbox 868 2331 1040 2423; x_wconf 80' lang='lat' dir='ltr'>Appellat</span> <span class='ocrx_word' id='word_1_113' title='bbox 1057 2335 1105 2402; x_wconf 96' lang='lat' dir='ltr'>ibi</span> <span class='ocrx_word' id='word_1_114' title='bbox 1124 2333 1217 2403; x_wconf 86' lang='lat' dir='ltr'>Cho.</span> 
     </span>
     <span class='ocr_line' id='line_1_19' title="bbox 169 2446 675 2527; baseline -0.008 -9"><span class='ocrx_word' id='word_1_115' title='bbox 169 2471 226 2518; x_wconf 89' lang='lat' dir='ltr'>ms</span> <span class='ocrx_word' id='word_1_116' title='bbox 245 2447 367 2518; x_wconf 89' lang='lat' dir='ltr'>Heroa</span> <span class='ocrx_word' id='word_1_117' title='bbox 383 2447 486 2516; x_wconf 93' lang='lat' dir='ltr'>illum</span> <span class='ocrx_word' id='word_1_118' title='bbox 502 2446 638 2516; x_wconf 86' lang='lat' dir='ltr'>avitum</span> <span class='ocrx_word' id='word_1_119' title='bbox 649 2455 675 2527; x_wconf 68' lang='lat' dir='ltr'>q,</span> 
     </span>
    </p>

    <p class='ocr_par' dir='ltr' id='par_1_7' title="bbox 308 2573 1059 2646">
     <span class='ocr_line' id='line_1_20' title="bbox 308 2573 1059 2646; baseline -0.003 -16"><span class='ocrx_word' id='word_1_120' title='bbox 308 2573 357 2632; x_wconf 82' lang='grc' dir='ltr'>ἶνιν</span> <span class='ocrx_word' id='word_1_121' title='bbox 368 2575 560 2645; x_wconf 74' lang='grc' dir='ltr'>ἀνθονομούσας</span> <span class='ocrx_word' id='word_1_122' title='bbox 570 2577 699 2646; x_wconf 81' lang='grc' dir='ltr'>προγόνου</span> <span class='ocrx_word' id='word_1_123' title='bbox 710 2577 775 2639; x_wconf 85' lang='grc' dir='ltr'>βοὸς</span> <span class='ocrx_word' id='word_1_124' title='bbox 787 2576 816 2643; x_wconf 80' lang='grc' dir='ltr'>ἐξ</span> <span class='ocrx_word' id='word_1_125' title='bbox 828 2576 960 2631; x_wconf 82' lang='grc' dir='ltr'>ε’πιπνοίας</span> <span class='ocrx_word' id='word_1_126' title='bbox 973 2579 1059 2645; x_wconf 87' lang='grc' dir='ltr'>Ζηνός.</span> 
     </span>
    </p>
   </div>
   <div class='ocr_carea' id='block_1_6' title="bbox 166 2697 1241 3326">
    <p class='ocr_par' dir='ltr' id='par_1_8' title="bbox 166 2697 1241 3022">
     <span class='ocr_line' id='line_1_21' title="bbox 167 2697 1214 2789; baseline 0.001 -21"><span class='ocrx_word' id='word_1_127' title='bbox 167 2699 256 2768; x_wconf 80' lang='lat' dir='ltr'>Tum</span> <span class='ocrx_word' id='word_1_128' title='bbox 287 2699 435 2781; x_wconf 89' lang='lat' dir='ltr'>addunt,</span> <span class='ocrx_word' id='word_1_129' title='bbox 465 2697 573 2768; x_wconf 88' lang='lat' dir='ltr'>fatale</span> <span class='ocrx_word' id='word_1_130' title='bbox 604 2706 755 2789; x_wconf 89' lang='lat' dir='ltr'>tempus,</span> <span class='ocrx_word' id='word_1_131' title='bbox 782 2698 855 2767; x_wconf 87' lang='lat' dir='ltr'>sive</span> <span class='ocrx_word' id='word_1_132' title='bbox 885 2706 926 2767; x_wconf 90' lang='lat' dir='ltr'>ut</span> <span class='ocrx_word' id='word_1_133' title='bbox 952 2722 1034 2767; x_wconf 88' lang='lat' dir='ltr'>curn</span> <span class='ocrx_word' id='word_1_134' title='bbox 1061 2697 1214 2769; x_wconf 83' lang='lat' dir='ltr'>Pindaro</span> 
     </span>
     <span class='ocr_line' id='line_1_22' title="bbox 168 2810 1241 2907; baseline 0.005 -28"><span class='ocrx_word' id='word_1_135' title='bbox 168 2810 299 2904; x_wconf 87' lang='lat' dir='ltr'>loquar,</span> <span class='ocrx_word' id='word_1_136' title='bbox 316 2813 423 2907; x_wconf 85' lang='grc' dir='ltr'>κύριον</span> <span class='ocrx_word' id='word_1_137' title='bbox 438 2819 531 2894; x_wconf 79' lang='grc' dir='ltr'>μῆνα,</span> <span class='ocrx_word' id='word_1_138' title='bbox 554 2821 742 2903; x_wconf 89' lang='lat' dir='ltr'>postquam</span> <span class='ocrx_word' id='word_1_139' title='bbox 768 2813 978 2903; x_wconf 87' lang='lat' dir='ltr'>parturienti</span> <span class='ocrx_word' id='word_1_140' title='bbox 996 2814 1213 2904; x_wconf 86' lang='lat' dir='ltr'>supervenis·</span> <span class='ocrx_word' id='word_1_141' title='bbox 1237 2888 1241 2895; x_wconf 64' lang='grc'><strong>,</strong></span> 
     </span>
     <span class='ocr_line' id='line_1_23' title="bbox 166 2929 1186 3022; baseline 0.002 -26"><span class='ocrx_word' id='word_1_142' title='bbox 166 2938 228 3011; x_wconf 89' lang='lat' dir='ltr'>set,</span> <span class='ocrx_word' id='word_1_143' title='bbox 243 2929 317 2999; x_wconf 92' lang='lat' dir='ltr'>vim</span> <span class='ocrx_word' id='word_1_144' title='bbox 334 2929 461 2999; x_wconf 85' lang='lat' dir='ltr'>divinae</span> <span class='ocrx_word' id='word_1_145' title='bbox 478 2929 644 3022; x_wconf 71' lang='lat' dir='ltr'>tactionis</span> <span class='ocrx_word' id='word_1_146' title='bbox 661 2929 755 2997; x_wconf 90' lang='lat' dir='ltr'>bono</span> <span class='ocrx_word' id='word_1_147' title='bbox 772 2936 903 2998; x_wconf 88' lang='lat' dir='ltr'>eventu</span> <span class='ocrx_word' id='word_1_148' title='bbox 922 2929 1186 3020; x_wconf 88' lang='lat' dir='ltr'>comprobasse:</span> 
     </span>
    </p>

    <p class='ocr_par' dir='ltr' id='par_1_9' title="bbox 375 3082 618 3154">
     <span class='ocr_line' id='line_1_24' title="bbox 375 3082 618 3154; baseline 0.004 -19"><span class='ocrx_word' id='word_1_149' title='bbox 375 3083 477 3154; x_wconf 72' lang='grc' dir='ltr'>ἔφαψιν</span> <span class='ocrx_word' id='word_1_150' title='bbox 489 3082 618 3151; x_wconf 67' lang='grc' dir='ltr'>ἐπωνυμίᾳ</span> 
     </span>
    </p>

    <p class='ocr_par' dir='ltr' id='par_1_10' title="bbox 376 3166 785 3239">
     <span class='ocr_line' id='line_1_25' title="bbox 376 3166 785 3239; baseline -0.007 -18"><span class='ocrx_word' id='word_1_151' title='bbox 376 3169 398 3221; x_wconf 70' lang='grc' dir='ltr'>δ’</span> <span class='ocrx_word' id='word_1_152' title='bbox 411 3168 572 3239; x_wconf 61' lang='lat' dir='ltr'>&amp;ncipatum</span> <span class='ocrx_word' id='word_1_153' title='bbox 583 3169 712 3237; x_wconf 82' lang='grc' dir='ltr'>μόρσιμος</span> <span class='ocrx_word' id='word_1_154' title='bbox 724 3166 785 3220; x_wconf 80' lang='grc' dir='ltr'>οἴων</span> 
     </span>
    </p>

    <p class='ocr_par' dir='ltr' id='par_1_11' title="bbox 375 3256 496 3326">
     <span class='ocr_line' id='line_1_26' title="bbox 375 3256 496 3326; baseline 0.025 -19"><span class='ocrx_word' id='word_1_155' title='bbox 375 3256 496 3326; x_wconf 81' lang='grc' dir='ltr'>εὐλόγως,</span> 
     </span>
    </p>
   </div>
   <div class='ocr_carea' id='block_1_7' title="bbox 367 3339 670 3411">
    <p class='ocr_par' dir='ltr' id='par_1_12' title="bbox 367 3339 670 3411">
     <span class='ocr_line' id='line_1_27' title="bbox 367 3339 670 3411; baseline -0.003 -19"><span class='ocrx_word' id='word_1_156' title='bbox 367 3339 493 3410; x_wconf 79' lang='grc' dir='ltr'>Ἔπαφόν</span> <span class='ocrx_word' id='word_1_157' title='bbox 504 3340 526 3394; x_wconf 81' lang='grc' dir='ltr'>τ’</span> <span class='ocrx_word' id='word_1_158' title='bbox 539 3340 670 3411; x_wconf 77' lang='grc' dir='ltr'>ἐγέννασε·</span> 
     </span>
    </p>
   </div>
   <div class='ocr_carea' id='block_1_8' title="bbox 163 3469 1209 3792">
    <p class='ocr_par' dir='ltr' id='par_1_13' title="bbox 163 3469 1209 3792">
     <span class='ocr_line' id='line_1_28' title="bbox 163 3469 1209 3566; baseline -0.007 -22"><span class='ocrx_word' id='word_1_159' title='bbox 163 3475 304 3566; x_wconf 91' lang='lat' dir='ltr'>pudoris</span> <span class='ocrx_word' id='word_1_160' title='bbox 322 3471 488 3541; x_wconf 86' lang='lat' dir='ltr'>videlicet</span> <span class='ocrx_word' id='word_1_161' title='bbox 508 3471 709 3540; x_wconf 88' lang='lat' dir='ltr'>intemerati</span> <span class='ocrx_word' id='word_1_162' title='bbox 728 3469 885 3560; x_wconf 89' lang='lat' dir='ltr'>castique</span> <span class='ocrx_word' id='word_1_163' title='bbox 911 3470 1039 3540; x_wconf 88' lang='lat' dir='ltr'>amoris</span> <span class='ocrx_word' id='word_1_164' title='bbox 1059 3470 1209 3539; x_wconf 91' lang='lat' dir='ltr'>incredi-</span> 
     </span>
     <span class='ocr_line' id='line_1_29' title="bbox 163 3583 1207 3677; baseline -0.008 -17"><span class='ocrx_word' id='word_1_165' title='bbox 163 3589 232 3660; x_wconf 93' lang='lat' dir='ltr'>bile</span> <span class='ocrx_word' id='word_1_166' title='bbox 267 3589 533 3658; x_wconf 88' lang='lat' dir='ltr'>documentum.</span> <span class='ocrx_word' id='word_1_167' title='bbox 590 3583 711 3654; x_wconf 86' lang='lat' dir='ltr'>Nullis</span> <span class='ocrx_word' id='word_1_168' title='bbox 746 3583 953 3677; x_wconf 83' lang='lat' dir='ltr'>ambagibus</span> <span class='ocrx_word' id='word_1_169' title='bbox 986 3605 1061 3652; x_wconf 94' lang='lat' dir='ltr'>rem</span> <span class='ocrx_word' id='word_1_170' title='bbox 1095 3585 1207 3676; x_wconf 89' lang='lat' dir='ltr'>ipsam</span> 
     </span>
     <span class='ocr_line' id='line_1_30' title="bbox 164 3699 1130 3792; baseline -0.009 -16"><span class='ocrx_word' id='word_1_171' title='bbox 164 3704 316 3776; x_wconf 85' lang='lat' dir='ltr'>declarat</span> <span class='ocrx_word' id='word_1_172' title='bbox 334 3702 481 3785; x_wconf 86' lang='lat' dir='ltr'>Chorus,</span> <span class='ocrx_word' id='word_1_173' title='bbox 499 3699 640 3792; x_wconf 90' lang='lat' dir='ltr'>qualem</span> <span class='ocrx_word' id='word_1_174' title='bbox 657 3724 678 3770; x_wconf 91' lang='lat' dir='ltr'>a</span> <span class='ocrx_word' id='word_1_175' title='bbox 694 3700 885 3791; x_wconf 90' lang='lat' dir='ltr'>majoribus</span> <span class='ocrx_word' id='word_1_176' title='bbox 902 3707 1086 3792; x_wconf 88' lang='lat' dir='ltr'>acceperat</span> <span class='ocrx_word' id='word_1_177' title='bbox 1096 3708 1130 3766; x_wconf 61' lang='lat' dir='ltr'>lf:</span> 
     </span>
    </p>
   </div>
   <div class='ocr_carea' id='block_1_9' title="bbox 164 3841 1204 4063">
    <p class='ocr_par' dir='ltr' id='par_1_14' title="bbox 164 3841 1204 4063">
     <span class='ocr_line' id='line_1_31' title="bbox 370 3841 947 3916; baseline -0.009 -16"><span class='ocrx_word' id='word_1_178' title='bbox 370 3847 412 3900; x_wconf 76' lang='grc' dir='ltr'>καὶ</span> <span class='ocrx_word' id='word_1_179' title='bbox 423 3844 486 3902; x_wconf 80' lang='grc' dir='ltr'>Ζεύς</span> <span class='ocrx_word' id='word_1_180' title='bbox 496 3844 521 3916; x_wconf 81' lang='grc' dir='ltr'>γ’</span> <span class='ocrx_word' id='word_1_181' title='bbox 534 3845 659 3915; x_wconf 73' lang='grc' dir='ltr'>ἐφάπτωρ</span> <span class='ocrx_word' id='word_1_182' title='bbox 670 3844 739 3914; x_wconf 84' lang='grc' dir='ltr'>χειρὶ</span> <span class='ocrx_word' id='word_1_183' title='bbox 751 3841 850 3914; x_wconf 80' lang='grc' dir='ltr'>φιτεῦει</span> <span class='ocrx_word' id='word_1_184' title='bbox 861 3845 947 3913; x_wconf 87' lang='grc' dir='ltr'>γόνον.</span> 
     </span>
     <span class='ocr_line' id='line_1_32' title="bbox 164 3963 1204 4063; baseline -0.006 -22"><span class='ocrx_word' id='word_1_185' title='bbox 164 3969 229 4041; x_wconf 87' lang='lat' dir='ltr'>Sed</span> <span class='ocrx_word' id='word_1_186' title='bbox 247 3971 354 4063; x_wconf 93' lang='lat' dir='ltr'>longe</span> <span class='ocrx_word' id='word_1_187' title='bbox 373 3968 575 4039; x_wconf 85' lang='lat' dir='ltr'>dulcissima</span> <span class='ocrx_word' id='word_1_188' title='bbox 595 3974 689 4052; x_wconf 88' lang='lat' dir='ltr'>sunt,</span> <span class='ocrx_word' id='word_1_189' title='bbox 706 3990 783 4058; x_wconf 89' lang='lat' dir='ltr'>quae</span> <span class='ocrx_word' id='word_1_190' title='bbox 809 3967 904 4035; x_wconf 92' lang='lat' dir='ltr'>idem</span> <span class='ocrx_word' id='word_1_191' title='bbox 928 3972 1051 4056; x_wconf 86' lang='lat' dir='ltr'>postea</span> <span class='ocrx_word' id='word_1_192' title='bbox 1068 3963 1204 4035; x_wconf 81' lang='lat' dir='ltr'>Chorus</span> 
     </span>
    </p>
   </div>
   <div class='ocr_carea' id='block_1_10' title="bbox 369 4183 990 4366">
    <p class='ocr_par' dir='ltr' id='par_1_15' title="bbox 369 4183 990 4366">
     <span class='ocr_line' id='line_1_33' title="bbox 369 4183 990 4257; baseline 0 -21"><span class='ocrx_word' id='word_1_193' title='bbox 369 4197 384 4236; x_wconf 72' lang='lat' dir='ltr'>a</span> <span class='ocrx_word' id='word_1_194' title='bbox 403 4188 466 4256; x_wconf 80' lang='lat' dir='ltr'>Sap.</span> <span class='ocrx_word' id='word_1_195' title='bbox 480 4205 523 4257; x_wconf 82' lang='lat'>43.</span> <span class='ocrx_word' id='word_1_196' title='bbox 822 4194 831 4215; x_wconf 77' lang='lat'>¹</span> <span class='ocrx_word' id='word_1_197' title='bbox 848 4183 915 4237; x_wconf 81' lang='lat' dir='ltr'>Ibid.</span> <span class='ocrx_word' id='word_1_198' title='bbox 930 4184 990 4252; x_wconf 84' lang='lat'>318.</span> 
     </span>
     <span class='ocr_line' id='line_1_34' title="bbox 648 4295 712 4366; baseline 0 0"><span class='ocrx_word' id='word_1_199' title='bbox 648 4295 672 4343; x_wconf 71' lang='lat' dir='ltr'>G</span> <span class='ocrx_word' id='word_1_200' title='bbox 688 4297 712 4366; x_wconf 71' lang='grc' dir='ltr'>ἔ</span> 
     </span>
    </p>
   </div>
   <div class='ocr_carea' id='block_1_11' title="bbox 0 0 1388 4876">
    <p class='ocr_par' dir='ltr' id='par_1_16' title="bbox 0 0 1388 4876">
     <span class='ocr_line' id='line_1_35' title="bbox 0 0 1388 4876; baseline 0 4"><span class='ocrx_word' id='word_1_201' title='bbox 0 0 1388 4876; x_wconf 95' lang='lat' dir='ltr'> </span> 
     </span>
    </p>
   </div>
  </div>
 </body>
</html>
