2768 4876
124 330 213 372 rant.
223 329 290 372 xm.
341 307 391 370 Dc
405 308 500 372 taeda
516 306 751 391 Αροιιιοιιιιιοιιιίι
757 304 937 390 presentia.
1103 305 1166 365 403

329 470 402 529 εἶναι·
419 474 526 544 παρέντι
539 471 560 526 δ’
573 473 619 526 οὐκ
631 472 682 543 έρῶ
694 472 740 541 τὴν
751 473 848 541 ζημίαν·

330 559 398 634 τόξῳ
409 560 460 631 γὰρ
473 562 542 616 οὔτις
553 559 676 628 πημάτων
688 559 813 629 ἐφίξεται.

124 700 191 770 Res
216 722 302 770 sane
327 698 481 769 solennis
498 697 678 791 AEschylo,
696 720 843 790 quaeque
866 719 948 767 cum
974 696 1108 788 pietate
1130 706 1168 765 et

118 813 308 886 'sanctitate
334 815 499 897 maxime,
525 823 567 884 ut
592 814 752 895 arbitror,
775 814 822 884 sit
846 813 1045 904 conjuncta,
1062 835 1170 904 expa-

124 953 260 1002 vescere
277 929 550 1022 quodammodo,
568 929 694 1000 clausis
716 929 836 1012 oculis,
854 929 899 999 ad
921 930 1010 999 iram
1036 951 1170 1020 poenas·

123 1071 188 1138 que
205 1047 354 1116 divinas.
406 1045 478 1116 Sed
497 1069 579 1116 cum
597 1043 726 1116 Oreste
743 1067 950 1138 pergamus:

331 1199 372 1251 καί
384 1201 429 1252 νῦν
441 1198 519 1269 ὁρᾶτέ
529 1197 565 1268 μ’,
578 1199 613 1254 ὧι·
624 1197 866 1268 παρεσκευασμένος

332 1286 379 1354 ξὺν
390 1286 457 1358 τῷδε
470 1285 561 1358 θαλλῷ
574 1286 615 1339 καὶ
627 1285 730 1357 στέφει,
743 1285 901 1356 προσίξομαι

331 1373 507 1442 μεσόμφαλον
518 1369 541 1425 θ
554 1369 657 1441 ἵδρυμα,
670 1372 765 1440 Λοξίου
777 1371 865 1435 πέδον,

330 1460 411 1527 τυρόι·
421 1481 451 1512 τε
463 1458 564 1530 φέγγοι·
572 1457 685 1530 ἄφθιτον
696 1458 858 1528 κεκλημένον,

332 1542 439 1615 φεύγων
449 1544 503 1599 τόδ’
516 1541 579 1614 αἷμα
591 1546 682 1598 κοινόν·
702 1544 756 1598 ott·
770 1543 813 1615 ἐφ’
825 1543 916 1598 έστίαν

333 1628 418 1698 ἆλλὴν
428 1630 574 1700 τράπεσδαι
586 1631 682 1699 Λοξίας
693 1630 792 1703 ε’φίετο.

125 1759 202 1852 lpsa
228 1759 396 1830 nimirum
420 1783 558 1842 corona,
585 1768 695 1844 veste,
721 1761 871 1840 incessu,
898 1759 1063 1852 Delphici
1092 1785 1173 1854 sup·

124 1877 221 1969 plicis
242 1877 397 1968 speciem
423 1899 497 1968 prae
523 1899 561 1946 se
586 1877 743 1947 ferebat:
772 1898 843 1958 eos,
867 1876 928 1967 qui
954 1879 1171 1969 spectabant,

124 1991 280 2062 oculatos
307 1991 499 2062 adhibebat
529 1999 650 2073 testes,
678 2014 716 2061 se
743 2014 815 2061 non
842 1991 975 2083 absque
1002 1990 1172 2085 Apolline

124 2107 258 2192 fecisse,
275 2107 444 2198 quicquid
461 2106 548 2176 illud
568 2115 654 2189 erat,
672 2091 766 2198 qnod
784 2108 926 2177 fecerat.
969 2106 1072 2190 Quod
1092 2132 1173 2178 cnm

124 2221 223 2292 fieret
250 2230 413 2292 extremo
438 2223 476 2290 in
501 2222 572 2291 fine
590 2222 796 2315 Tragoedias,
814 2221 920 2314 longe
943 2220 1047 2291 aliter
1070 2221 1174 2292 affec-

124 2344 187 2419 tos,
205 2338 322 2420 credo,
340 2337 483 2420 dimisit,
501 2361 608 2428 qnam
633 2339 672 2419 si,
690 2336 827 2409 Orestis
849 2336 1037 2430 Sophoclei
1065 2360 1174 2420 more,

125 2473 237 2523 meros
263 2452 358 2524 illico
387 2454 586 2545 triumphos
603 2454 743 2546 egisset.
794 2453 878 2523 Jam
896 2456 992 2524 enim
1017 2476 1063 2522 ne
1081 2456 1177 2548 cogi·

125 2570 258 2638 tatione
283 2569 438 2661 quidem,
461 2591 578 2660 neque
604 2568 798 2649 oculorum,
815 2580 857 2639 ut
882 2570 934 2639 ita
959 2570 1084 2651 dicam,
1102 2592 1177 2641 me·

125 2686 244 2766 moria,
280 2685 444 2755 dirimere
486 2708 527 2756 ac
566 2686 767 2778 disjungere
812 2695 976 2777 poterant
1010 2683 1174 2756 Orestem

125 2823 223 2871 reum
241 2803 287 2872 ab
300 2801 470 2893 Apolline
487 2811 647 2893 patrono.
681 2802 813 2893 ltaque
826 2805 936 2893 (quod
954 2802 1083 2873 summi
1101 2813 1176 2871 erat

125 2918 283 3010 artificis)
315 2919 382 2987 etsi
413 2927 528 2987 matre
554 2940 617 3009 per
647 2917 760 2986 filium
791 2927 828 2986 et
859 2917 969 2988 filiam
998 2940 1100 2999 caesa,
1129 2923 1176 3006 τῷ

125 3029 228 3126 μιάρῳ
245 3032 366 3103 nullus
383 3043 459 3103 erat
477 3033 587 3103 locus.

174 3148 354 3240 Sequitur,
373 3157 414 3218 ut
431 3148 675 3239 expendamus
693 3146 974 3241 Agamemnonis
991 3149 1099 3217 etiam
1118 3147 1178 3216 de-

127 3262 237 3333 functi
256 3264 383 3334 tacitas
402 3264 459 3352 (ut
476 3264 528 3333 ita
545 3264 676 3350 dicam)
700 3271 819 3354 partes
840 3264 876 3332 in
895 3263 962 3332 hac
978 3262 1177 3355 Tragoedia:

127 3399 274 3468 quarum
292 3378 436 3469 quidem
465 3379 556 3447 ratio
574 3399 645 3446 non
671 3375 740 3446 alia
757 3377 868 3446 ferme
886 3386 951 3460 cst,
969 3387 1076 3468 atque
1094 3377 1178 3468 ejus,

127 3491 268 3584 dequo
296 3494 403 3563 modo
434 3494 600 3576 diximnS,
627 3490 771 3563 Oraculi
792 3490 981 3584 Apollinis.
1034 3491 1178 3561 Etenim

127 3608 248 3679 adesse
263 3609 401 3702 Regem
419 3618 600 3679 mortuum
619 3608 791 3678 sentimus
806 3607 1068 3699 quodammodo
1083 3608 1179 3678 omni

129 3725 294 3808 carmine,
313 3725 419 3795 celari
437 3734 557 3795 tamen
577 3725 697 3794 dedita
715 3746 841 3815 opera;
869 3725 975 3815 quisi
996 3724 1090 3793 intra
1106 3747 1180 3794 ma-

128 3861 192 3909 nus
216 3839 396 3932 Euripidis
421 3849 515 3911 essct
541 3848 710 3922 versatus,
737 3839 825 3908 milri
854 3840 1001 3908 minime
1032 3839 1179 3908 dubium

129 3964 192 4038 est,
211 3956 297 4047 quin
323 3956 361 4024 in
387 3955 502 4026 lucem
522 3964 631 4047 atque
648 3957 685 4023 in
703 3954 825 4024 oculos
848 3954 1070 4046 proditurum
1088 3955 1180 4025 foret

128 4071 202 4159 ejus
234 4069 376 4153 εἴδωλον,
407 4071 591 4163 multaque
616 4072 738 4162 jejune
770 4079 807 4139 et
839 4071 960 4161 inepte
991 4071 1177 4152 dictnmm,

129 4208 204 4277 quae
230 4188 275 4257 ab
301 4187 469 4280 AEschylo
495 4197 615 4257 nostro
642 4185 818 4258 efficacius
844 4186 1049 4256 tribuuntur
1075 4186 1180 4256 litan-

129 4303 217 4372 tium
237 4304 353 4372 verbis
370 4312 408 4373 et
426 4304 562 4373 solenni
580 4301 708 4372 Choro.

597 4439 621 4486 n
640 4417 662 4485 d
683 4424 704 4484 2
