2768 4876
162 304 228 369 584
395 306 540 386 Δεύτεραι
554 303 592 368 da
607 302 762 388 Euripide
776 303 941 386 φροντίδες.
1013 321 1110 365 rant.
1127 318 1214 364 xxix.

166 472 272 569 longo
298 486 377 568 post
398 485 558 568 tempore
576 477 724 547 veniunt
747 477 784 546 in
808 474 925 546 lucem
945 484 1055 567 atque
1075 476 1113 544 in
1135 497 1216 545 ocu-

167 588 231 673 los,
252 593 436 683 repentino
457 591 609 682 quodam
635 592 727 674 solis,
751 594 780 662 si
803 591 874 662 fors
899 592 950 661 ita
973 589 1108 671 tulerit,
1132 592 1215 672 ictu,

167 706 366 776 tabularum
385 707 537 801 egregiae
554 731 595 778 ac
612 706 859 800 pulcherrimae
882 715 1010 799 partes,
1029 715 1216 799 postquam

167 820 276 890 semel
308 845 366 892 eas
398 822 492 891 bono
523 820 657 892 lumine
687 819 931 893 collocaveris!
967 843 1074 913 quam
1104 820 1218 890 multa

167 937 287 1004 statim
306 944 428 1006 extare
447 937 484 1006 in
501 937 694 1017 ambrisia
713 937 965 1016 eminentiam
982 935 1069 1006 locis
1086 935 1217 1027 alioqui

168 1049 317 1121 horridis
334 1060 442 1143 atque
460 1051 628 1135 obscurio,
646 1076 723 1144 quae
743 1053 839 1144 prius
862 1075 907 1121 ne
933 1053 1056 1144 peritis
1074 1043 1216 1142 quidem

168 1175 392 1236 occurrerent
422 1165 542 1249 oculis,
568 1169 700 1236 nedum
729 1167 876 1238 nostris!
929 1166 1031 1236 Nihil
1057 1166 1216 1258 profecto

169 1282 305 1351 vetabit
323 1283 429 1352 etiam
448 1284 484 1352 in
503 1283 716 1353 carminibus
733 1284 805 1353 tale
823 1282 954 1374 aliquid
972 1282 1070 1353 fieri:
1094 1305 1216 1352 eorum

168 1406 274 1479 certe,
301 1420 450 1489 quorum
477 1399 561 1467 vitae
589 1398 799 1490 morumque
825 1397 881 1467 vel
906 1397 1005 1466 nulla
1031 1397 1089 1467 vel
1114 1398 1216 1467 exilis

169 1514 331 1604 quaedam
358 1514 530 1583 memoria
557 1522 736 1596 servatum
768 1536 849 1584 cum
877 1514 1073 1605 praesertim
1100 1536 1143 1582 ea
1171 1513 1215 1582 sit

168 1627 221 1696 vis
238 1625 400 1711 poeseos,
417 1638 458 1699 ut
482 1652 621 1721 semper
642 1631 760 1699 arcani
782 1628 915 1720 aliquid
939 1629 1079 1710 habeat,
1100 1651 1215 1720 neque

168 1763 322 1831 unquam
349 1743 410 1814 diu
435 1742 661 1834 multumque
687 1742 923 1835 cogitantibus
948 1743 1104 1811 fructum
1131 1742 1217 1811 ube·

167 1855 295 1925 riorem
325 1859 548 1949 cogitationis
581 1881 654 1928 suae
688 1868 807 1951 neget.
864 1858 980 1927 Immo
1008 1857 1101 1927 hanc
1131 1879 1216 1948 prae-

167 1970 307 2062 cipuam
341 1975 587 2065 propriamque
620 1973 791 2044 habemus
825 1997 934 2066 spem,
967 1996 1035 2064 qua
1070 1973 1107 2042 in
1142 1970 1216 2041 haeo

167 2084 284 2154 studia
313 2087 471 2177 quotidie
506 2111 570 2158 nos
604 2090 788 2182 erigamus
820 2088 895 2157 fore
929 2109 992 2156 nos
1026 2084 1215 2175 aliquando

167 2221 375 2294 magnorum
402 2201 586 2272 hominum
608 2205 706 2294 quasi
732 2202 930 2283 familiares,
956 2211 1063 2292 atque
1089 2200 1136 2270 ad
1164 2201 1215 2268 in-

168 2316 257 2386 tima
282 2340 403 2386 eorum
429 2317 575 2389 consilia
602 2303 853 2410 perventuros:
885 2341 931 2389 ex
957 2341 1025 2408 quo
1052 2315 1214 2396 efficitur,

168 2433 242 2503 fore
268 2455 406 2523 semper
430 2434 562 2525 aliquid
589 2417 852 2505 addiscendum}
905 2434 997 2504 Illud
1022 2442 1157 2514 autern,
1175 2441 1216 2501 ut

168 2549 300 2640 opinor,
319 2550 513 2619 certissimo
539 2550 637 2621 lucro
664 2551 922 2642 deputabimus,
941 2549 1064 2639 siquis
1090 2570 1214 2617 eorum

168 2666 227 2755 qui
256 2663 370 2756 primo
401 2666 620 2736 intuentibus
650 2667 882 2739 secundarum
913 2665 1019 2734 modo
1048 2663 1113 2747 visi
1144 2663 1215 2732 sint

166 2781 330 2871 partium,
344 2781 432 2850 adeo
450 2804 487 2850 se
502 2783 749 2852 commendare
766 2783 932 2873 potuerit,
947 2778 1117 2874 δευτέραις,
1129 2802 1216 2870 quas

166 2906 304 2977 vocant,
323 2895 512 2992 φρόντισιν,
535 2921 611 2988 quae
637 2897 751 2968 solent
773 2897 1031 2989 quodammodo
1059 2918 1137 2965 esse
1154 2918 1216 2982 aa·
1246 2969 1248 2975 ,

166 3012 366 3102 pientiores,
379 3022 420 3081 ut
438 3014 474 3081 in
492 3014 736 3103 primariorum
754 3036 899 3083 censum
917 3011 1121 3080 referendus
1138 3032 1215 3080 esse

167 3125 346 3195 videatur:
376 3126 541 3220 indagato
563 3127 700 3198 scilicet
723 3151 868 3220 poeseos
887 3129 961 3218 ejus
979 3128 1088 3196 fonte.
1143 3125 1215 3194 Lu-

167 3263 236 3323 cro,
255 3242 408 3331 inquam,
427 3244 494 3311 ista
512 3244 779 3334 deputabimus:
807 3267 888 3313 narn
906 3244 1045 3313 cuinam
1064 3242 1156 3311 veris
1173 3265 1214 3311 ac

168 3355 291 3425 florum
321 3358 468 3425 amatori
496 3380 568 3425 non
594 3360 793 3449 gratissima
818 3359 1066 3448 supervenient
1093 3357 1216 3449 ignota

167 3473 263 3563 prius
286 3494 426 3566 genera,
450 3471 505 3540 vel
532 3474 631 3564 siqua
657 3474 748 3543 forte
770 3476 886 3542 minus
909 3475 1000 3542 bene
1024 3482 1109 3542 nota
1132 3495 1217 3542 con-

168 3588 387 3678 tempserat?

217 3703 341 3794 Atque
367 3703 439 3773 haeo
458 3703 563 3774 hodie
580 3705 746 3795 praefatus
767 3729 855 3789 sum,
874 3703 1092 3786 Academici,
1112 3726 1216 3795 prop-

166 3830 265 3890 terea
281 3821 374 3910 quod
394 3842 517 3888 vereor
533 3830 573 3888 ut
592 3822 675 3889 satia
694 3823 798 3913 digne
816 3821 955 3890 locutus
977 3821 1042 3890 sim
1064 3820 1215 3889 antehac

167 3936 211 4004 de
237 3958 365 4028 magno
389 3936 471 4016 viro,
496 3958 602 4026 quem
629 3938 774 4005 tertium
803 3939 896 4006 inter
921 3960 1002 4006 suos
1025 3936 1216 4028 Tragoedos

166 4051 365 4119 numeravit
391 4073 530 4142 semper
551 4050 744 4143 Tragoediae
770 4052 900 4132 nutrix,
920 4052 1054 4121 Attica.
1109 4052 1214 4142 Equi·

165 4165 247 4233 dem
266 4188 347 4233 cum
369 4166 519 4256 primum
545 4189 606 4234 me
624 4168 842 4258 accingerern
866 4169 909 4237 ad
931 4167 1022 4236 banc
1040 4168 1214 4262 rationem

165 4287 202 4348 et
222 4280 312 4348 viam
328 4279 481 4350 Poeticae
499 4284 699 4361 tractandae,
713 4282 917 4374 Euripidem
934 4283 1088 4368 (fatebor
1105 4283 1215 4372 enim)
