2768 4876
173 311 240 379 556
271 312 369 399 Αριιό
381 313 563 378 Pindarum
576 314 677 379 οόοιυι
690 315 846 399 deflendos
859 315 997 379 Heroas:
1018 337 1220 381 nnuuaxxvu.

174 484 386 577 discipulum
403 486 522 578 prodit
540 485 713 557 Pindarus
725 478 741 557 i
757 487 856 557 velut
873 486 933 556 ubi
951 493 1082 570 narrat,
1101 485 1221 558 heroas

178 599 341 671 didicisse
357 622 485 691 pueros
495 611 523 683 ¹¹,

278 759 396 827 μάλιστα
408 760 455 830 μὲν
468 760 602 830 Κρονίδαν,

277 845 413 914 βαρυόπαν
425 848 555 915 στεροπᾶν
567 843 694 915 κεραύνων
705 868 734 901 τε
745 846 869 918 πρύτανιν

280 928 346 983 θεῶν
357 929 494 987 σε’θεσθαι·

278 1013 372 1070 ταύτας
383 1013 412 1068 δὲ
424 1013 458 1083 μή
470 1034 534 1069 ποτε
545 1018 619 1084 τιμᾶς
629 1014 743 1087 ἀμείρειν
753 1015 850 1087 γονέων
860 1015 920 1081 βίον
930 1016 1107 1086 πεπρωμένον.

172 1149 264 1233 Quae
289 1150 451 1236 formula,
473 1152 509 1219 ni
536 1150 647 1236 fallor,
672 1161 831 1244 spectare
853 1154 993 1223 videtur
1017 1154 1063 1224 ad
1081 1151 1220 1225 Aureos

172 1263 387 1358 Philosophi,
406 1268 466 1357 qni
484 1279 665 1350 vocantur,
683 1291 814 1338 versus.

221 1378 418 1452 Veniamus
441 1383 487 1453 ad
512 1382 661 1453 alteram
686 1384 828 1475 pietatis
846 1381 1040 1453 Pindaricae
1059 1390 1217 1474 partem3

170 1493 271 1583 cujus
298 1493 397 1564 velut
427 1495 534 1564 odore
563 1497 768 1566 suavissimo
799 1495 920 1565 Pcesis
950 1497 1026 1587 ejus
1057 1497 1219 1567 universa

168 1608 350 1678 imbuitur.
405 1608 605 1679 Defunctos
634 1609 800 1680 videlicet
832 1610 957 1680 heroas
986 1610 1218 1701 optimatibus

169 1723 241 1792 suis
265 1723 388 1792 adesse
409 1724 513 1815 fingit
538 1725 634 1794 omni
662 1724 740 1794 loco
765 1747 806 1794 ac
833 1733 1014 1816 tempore3
1043 1725 1155 1794 immo
1180 1733 1218 1795 et

169 1858 313 1929 superos
331 1860 471 1930 quoque
493 1838 611 1922 Deos;
638 1840 832 1932 praesertim
851 1862 1001 1931 quorum
1025 1848 1104 1909 crat
1126 1841 1218 1932 quis-

169 1974 238 2043 que
256 1952 354 2041 (nam
371 1953 423 2022 ita
439 1952 546 2046 vulgo
568 1953 816 2046 perhibebant)
833 1955 879 2025 de
906 1955 1014 2046 stirpe
1038 1954 1216 2027 oriundus.

168 2066 266 2136 Hinc
299 2066 361 2137 illa
390 2069 515 2159 saepius
546 2070 765 2138 occurrentia
795 2070 840 2139 de
869 2068 1075 2138 numinibus
1106 2077 1215 2138 noctu

168 2181 332 2262 evocatis,
351 2190 388 2250 et
412 2181 458 2250 ad
476 2202 598 2272 preces
615 2180 829 2263 mortalium,
848 2204 936 2273 quos
961 2205 1060 2253 caros
1084 2182 1218 2255 habue-

167 2303 262 2379 runt,
279 2295 595 2387 comparentibus&

341 2449 404 2521 ἀγχὶ
417 2449 439 2503 δ’
452 2450 537 2504 ε’λθῶν
548 2452 642 2506 πολιᾶς
653 2449 717 2506 ἁλὸς
728 2447 781 2505 οἷος
794 2449 821 2504 ε’ν
832 2450 917 2520 ὀρφνᾷ

343 2535 598 2606 θπυενβορῦκτυπον

344 2621 494 2692 εὔτρὶαιναν·
514 2621 563 2675 ὁδ’
576 2622 644 2694 αὐτῷ

341 2708 394 2778 πὰρ
405 2707 467 2762 ποδὶ
480 2707 577 2778 σχεδὸν
588 2708 667 2778 φάνη.

169 2847 242 2917 Sed
259 2845 470 2938 exquisitius
487 2845 575 2915 illud
593 2846 638 2916 de
651 2846 752 2916 Iamo
764 2861 800 2915 z:

307 2993 416 3061 τερπνᾶς
428 2989 450 3043 δ’
464 2990 519 3044 ἐπεὶ
530 2991 761 3061 χρυσοστεφάνοιο
772 2992 854 3055 λάβεν

308 3078 406 3147 καρπὸν
420 3075 513 3142 Ἡβᾶς,
524 3075 631 3148 Ἀλφεῷ
648 3076 739 3145 με’σσᾳ
757 3076 870 3141 καταβὰς
882 3075 1011 3130 ε’κάλεσσε
1022 3075 1163 3132 Ποσειδᾶν’
1175 3076 1217 3130 ed*

341 3161 434 3230 ρυβίον

307 3242 337 3298 όν
348 3249 484 3316 πρόγονον,
497 3247 539 3298 καὶ
553 3248 699 3317 τοξοφόρον
710 3247 799 3300 Δάλου
810 3246 952 3315 θεοδμάτας
964 3249 1073 3312 σκοπόν,

306 3329 398 3385 αἰτέων
408 3332 559 3401 λαοτρόφον
570 3332 646 3400 τιμάν
657 3331 703 3386 τιν’
716 3333 746 3401 ἑᾷ
758 3334 872 3403 κεφαλᾷ,

306 3416 395 3470 νυκτὸς
406 3415 548 3485 ὑπαίθριος·
571 3416 765 3488 ἀντεφθέγξατο
781 3416 803 3471 δ’
820 3416 941 3486 ἀρτιεπὴς
955 3418 1051 3487 πατρία
1064 3416 1145 3482 όσσα,
1159 3419 1215 3488 (με-

341 3499 474 3555 ταλλασέν
485 3500 516 3555 τε’
525 3503 589 3571 μιν)·
608 3501 683 3572 όρσο,
696 3502 792 3565 τέκνον,

305 3584 382 3655 δεῦρο
393 3586 533 3655 πάγκοινον
544 3587 570 3643 ἐς
581 3589 670 3657 χώραν
680 3585 738 3656 ἴμεν
750 3588 840 3659 φάμας
852 3586 972 3642 ὄπισθεν.

166 3706 254 3790 Quis
281 3730 353 3776 non
383 3707 494 3778 oculis
523 3731 633 3801 prope
663 3719 785 3779 cernat
808 3710 978 3800 juvenem
1010 3709 1215 3802 circumspi-

165 3821 329 3904 cientem,
358 3844 430 3913 quo
465 3845 503 3892 se
536 3832 653 3894 vertat
688 3824 855 3905 nescium,
892 3845 1002 3915 quum
1036 3823 1136 3894 nulla
1168 3824 1215 3893 sit

165 3944 295 4027 praesto
312 3958 358 4004 ne
374 3937 492 4006 tenuis
508 3938 652 4029 quidem
669 3938 791 4017 forma,
810 3944 950 4005 tantum
976 3936 1071 4006 aeria
1093 3937 1213 4006 nescio

166 4070 242 4139 quse
272 4072 354 4132 vox,
382 4052 481 4142 cujus
510 4051 593 4121 fidei
624 4051 847 4121 committere
878 4073 916 4120 se
945 4049 1101 4121 debeat?
1147 4050 1213 4121 Est

235 4317 248 4342 ¹
259 4310 338 4379 Poto.
351 4309 394 4365 61.
409 4326 452 4380 23.
612 4321 627 4358 5
642 4311 683 4366 Οἱ.
699 4329 721 4366 1.
738 4325 796 4378 115.
951 4311 1043 4366 zibid.
1057 4310 1082 4365 6.
1096 4325 1140 4382 95.
