2768 4876
200 313 265 376 434
347 313 513 398 AEscbploo
528 335 594 379 aun
608 313 703 379 Libro
717 314 776 378 Jod
791 316 924 401 corporei
932 337 1027 401 posca.
1058 338 1247 383 runnxxrr.

200 500 269 567 que
299 480 449 561 mutari3
484 501 547 548 suo
575 481 732 572 periculo
760 483 888 566 facere,
914 485 1069 576 quisquis
1096 493 1155 556 eat
1183 486 1247 555 ob-

199 590 332 663 viam¹z

410 732 479 803 κάγὼ
490 732 601 786 πέποιθα
613 734 681 802 Ζηνί·
698 735 800 789 καὶ-τί
811 735 850 789 δεῖ
860 735 947 807 λέγειν
954 758 999 800 ;-

410 818 452 871 καὶ
463 819 559 887 κλῇδας
570 815 627 873 οἶδα
639 819 760 889 δωμάτων
770 823 834 891 μόνη
848 827 928 886 θεῶν,

412 903 439 957 ἐν
450 900 472 975 ᾧ
483 909 602 975 κεραυνός
614 906 686 961 ἔστιν
697 907 916 979 ἐσφραγισμένος.

201 1042 333 1113 Nescio
359 1066 404 1112 an
429 1046 564 1113 nemini
589 1069 737 1138 usquam
759 1049 952 1118 Poetarum
978 1050 1149 1118 exciderit
1175 1051 1245 1118 v'ox

198 1160 373 1228 minamm
398 1159 515 1251 plena,
538 1168 639 1232 tanta
661 1164 844 1255 gravitate,
866 1173 1037 1255 tantaque
1063 1165 1246 1256 sapientia.

200 1273 438 1368 Virgilianum
462 1284 558 1346 certe
583 1276 683 1360 illud,
702 1278 832 1362 “Quos
849 1281 948 1372 ego,'’
965 1302 1037 1349 non
1054 1302 1177 1349 vereor
1199 1302 1246 1348 ne

199 1390 383 1481 quisquam
417 1414 628 1483 componere
658 1395 797 1464 audeat.
854 1395 950 1465 Illud
980 1403 1100 1464 autem
1129 1393 1246 1464 multo

200 1506 323 1597 majus,
350 1506 444 1597 quod
474 1531 544 1577 uno
573 1508 641 1578 hoc
669 1508 823 1579 Palladis
853 1533 1014 1579 sermone
1044 1511 1249 1580 continetur

200 1624 459 1713 quodammodo
471 1625 578 1693 trium
593 1624 791 1695 fabularum
808 1624 950 1695 solutio.
983 1625 1138 1717 Nempe,
1149 1626 1248 1716 quic·

199 1740 284 1829 quid
302 1737 430 1809 Oreste
451 1739 522 1821 fiat,
540 1738 596 1809 vel
619 1763 662 1809 eo
684 1739 883 1810 declaratur
905 1763 1018 1810 causae
1040 1743 1116 1833 ejus
1139 1741 1247 1832 aequi·

200 1863 265 1936 tas,
285 1855 378 1945 quod
395 1854 491 1924 favet
509 1856 541 1924 ei
559 1878 717 1924 summus
734 1857 893 1926 omnium
911 1856 1029 1927 Pater.

251 1969 377 2060 Itaque
394 1979 435 2039 ut
452 1994 523 2040 uno
540 1971 647 2040 verbo
665 1993 839 2040 summam
864 1973 975 2042 totius
997 1972 1048 2042 rei
1065 1947 1248 2064 repetam

200 2084 420 2178 litigantibus
437 2088 530 2156 inter
546 2109 583 2156 se
602 2085 690 2167 Diis,
704 2087 786 2156 hino
805 2089 943 2168 severis,
961 2088 1058 2157 illinc
1075 2087 1247 2179 benignis,

199 2201 338 2271 nullum
357 2201 558 2284 Prudentia,
576 2226 621 2272 ne
639 2203 757 2271 divina
774 2204 931 2294 quidem,
948 2205 1106 2274 invenire
1128 2209 1248 2295 potest

200 2315 276 2406 ejus
302 2317 548 2385 controversiae
575 2317 693 2397 finem,
714 2317 781 2385 nisi
809 2324 851 2384 ut
879 2317 1053 2386 constanti
1080 2323 1117 2384 et
1143 2337 1249 2406 aequo

200 2432 319 2500 animo
348 2431 393 2501 ad
420 2431 595 2501 infinitam
627 2431 796 2501 Numinis
824 2432 1022 2523 potentiam
1054 2453 1176 2500 omnes
1210 2453 1248 2499 se

200 2547 356 2638 recipere
383 2547 504 2616 velint.
556 2547 627 2631 Qui
651 2571 733 2618 cum
756 2549 883 2629 omnia,
908 2571 984 2639 quae
1008 2547 1104 2628 velit,
1125 2545 1248 2638 possit,

202 2664 367 2753 omnique
392 2663 562 2734 felicitate
585 2664 761 2733 uberrime
786 2686 924 2755 semper
941 2663 1085 2744 diffluat,
1103 2684 1174 2730 non
1193 2671 1248 2730 est

201 2801 308 2868 quare
326 2779 527 2869 quidquam,
542 2778 615 2848 ullo
633 2787 803 2870 tempore,
823 2787 952 2870 praeter
969 2779 1021 2848 fas
1038 2785 1075 2847 et
1086 2779 1170 2868 jura
1188 2776 1250 2845 de-

200 2891 311 2962 finiat.
351 2892 457 2962 Adeo
475 2916 552 2984 quae
569 2893 720 2962 formula
737 2894 773 2962 in
791 2893 896 2963 rebus
912 2892 1076 2962 humanis
1091 2890 1249 2982 pertinet

201 3007 245 3075 ad
263 3007 354 3077 solos
371 3016 547 3100 tyrannos,
566 3007 680 3078 “Hoc
697 3008 788 3090 volu,
806 3007 855 3078 sic
875 3007 1016 3099 jubeo,'’
1034 3005 1184 3076 eandem
1210 3007 1248 3074 in

201 3123 327 3194 divinis
349 3147 420 3193 non
445 3125 551 3193 modo
574 3124 665 3194 ferre
686 3125 866 3204 debemus,
885 3145 1006 3192 verum
1034 3122 1142 3191 etiam
1167 3127 1249 3190 toto

201 3240 295 3331 quod
312 3241 411 3309 aiunt
428 3248 572 3330 pectore
589 3237 766 3330 amplecti.

253 3354 309 3423 En
330 3354 428 3424 vobis
454 3362 560 3445 caput
585 3355 789 3445 primarium
807 3352 1002 3445 AEschylcae
1019 3350 1246 3443 Theologiae;

202 3471 296 3562 quod
318 3469 424 3539 velim
450 3468 615 3560 equidem
641 3469 799 3539 conferat
824 3468 950 3560 aliquis
973 3490 1054 3537 cum
1080 3490 1123 3536 ea
1147 3475 1249 3558 parte

203 3585 390 3656 Librorum
417 3584 736 3665 Sacrosanctorum,
756 3607 827 3675 qua
851 3584 1012 3675 proxime
1035 3581 1133 3674 tangi
1152 3581 1250 3650 vide·

202 3723 281 3770 mus
298 3700 394 3792 leges
405 3700 555 3790 juraque
573 3699 647 3790 ejus
664 3699 815 3790 pietatis,
833 3698 1085 3790 qualiscunque
1102 3696 1248 3764 tandem

204 3823 289 3896 erat,
315 3837 384 3905 qua
410 3821 546 3884 veteres
576 3813 781 3904 Philosophi
813 3813 1029 3883 fruebantur.
1082 3809 1249 3903 Intelligo

207 3931 353 4000 Libmm
370 3930 462 4013 J0b3
489 3954 593 4021 quern
612 3953 722 3998 unum
741 3930 901 3998 videmus
926 3927 1183 3998 accommodari
1204 3926 1249 3995 ad

205 4047 341 4136 eosqui
363 4054 482 4115 carent
506 4054 602 4115 certa
620 4043 788 4113 Numinis
814 4043 902 4135 lege.
956 4043 1087 4112 Nonne
1112 4043 1163 4111 ita
1181 4041 1251 4110 dis-

637 4262 645 4299 ¹
663 4263 740 4316 Eum.
754 4263 815 4331 829.
