2768 4876
162 323 261 365 rann.
274 324 353 365 xxv.
390 303 556 388 anaiaitu
570 303 713 389 qnaedam
728 303 766 368 do
782 304 945 388 Coryplaei
959 325 1091 368 mmwra
1153 307 1218 368 503

165 473 295 544 deinde
320 475 397 564 ipso
414 474 452 543 in
470 475 606 556 itinere,
630 474 686 544 vel
704 474 830 545 melius
847 474 963 544 dicam
981 477 1218 568 navigatione,

165 595 311 658 strenue
329 612 452 676 curare
468 611 628 680 pensum,
640 588 827 658 Pindarica
839 588 1006 660 videlicet
1024 598 1099 660 tam
1112 590 1220 659 verba

166 726 273 794 quam
296 725 472 773 numeros.
524 703 606 786 Qua
621 705 659 772 in
675 705 824 773 materia
844 702 937 772 ludit
958 705 1107 796 scriptor
1131 704 1220 774 libe·

166 817 247 899 rius,
266 825 309 886 ut
326 827 403 887 erat
419 839 497 886 mos
518 817 603 908 ejus,
620 819 802 886 mentione
818 816 1003 908 proverbii,
1022 840 1093 907 quo
1111 816 1218 908 vulgo

167 930 406 1002 lacessebatur
431 954 587 1002 crassum
610 930 820 1001 Boeotorum
842 930 899 1000 vel
926 930 1055 1000 caelum
1084 930 1141 1000 vel
1168 933 1221 1000 in-

169 1068 335 1138 gaurum:

308 1200 404 1271 γνῶναί
415 1199 437 1256 τ’
450 1199 538 1264 ἔπειτ’,
550 1200 647 1271 inquit,
659 1199 768 1271 ἀρχαῖον
779 1197 877 1255 ὄνειδος
888 1199 1013 1254 ἀλαθέσιν

309 1287 400 1356 λόγοις
411 1285 434 1338 εἰ
446 1284 586 1356 φάγομεν,
598 1285 720 1349 βοιωτίαν
731 1285 770 1339 ὗν.

171 1425 357 1518 Deinceps,
380 1427 478 1496 velut
501 1425 664 1496 familiari
689 1447 861 1507 sermone,
884 1425 1120 1517 coryphaeum
1145 1426 1220 1495 lau-

172 1542 257 1611 dans
274 1541 347 1610 ait:

311 1683 375 1739 ἐσσὶ
386 1683 437 1753 γὰρ
449 1683 562 1754 ἄγγελοι
574 1681 659 1753 ὄρθαι,

312 1765 429 1839 ἠϋκόμων
441 1771 559 1824 σκυτάλα
570 1772 683 1832 Μοισᾶν,
693 1766 789 1840 γλυκὺς
801 1765 896 1837 κρῆτηρ
908 1767 1096 1838 ἀγαφθέγκτων
1107 1765 1204 1821 ἀοιδᾶν.

173 1897 259 1966 Erat
285 1897 444 1988 profecto
468 1899 604 1967 curiosa
622 1897 782 1977 felicitae,
800 1919 870 1986 qua
887 1891 1052 1976 σκυτάλην
1069 1895 1223 1987 appella-

173 2013 223 2080 vit
253 2020 436 2081 cantorem
467 2013 684 2103 primarium,
708 2009 807 2080 velut
830 2011 890 2101 qui
918 2010 1120 2102 interpretis
1146 2012 1223 2079 vice

173 2127 389 2218 fungeretur,
407 2126 572 2216 solusque
597 2133 716 2218 posset
734 2123 911 2215 explicare
935 2125 1116 2194 literarum
1134 2147 1222 2215 quas

174 2241 247 2329 ipse
267 2248 425 2330 portaret
443 2240 620 2332 ambages.
673 2239 730 2309 Ex
748 2262 817 2329 quo
835 2237 1061 2331 intelligitur,
1078 2237 1222 2307 Pindari

167 2353 315 2442 judicio,
329 2355 523 2423 arctissime
540 2353 706 2444 conjungi
724 2353 877 2421 musicos
894 2352 1019 2421 modos
1035 2375 1116 2421 oum
1132 2352 1223 2444 stylo

174 2474 210 2536 et
227 2466 349 2536 indole
371 2476 577 2558 poetarum;
603 2468 734 2557 quiquo
752 2465 830 2535 illos
848 2465 939 2534 bene
957 2465 1094 2546 calleat,
1110 2467 1224 2535 teneri

173 2581 217 2650 ab
243 2604 287 2651 eo
314 2581 412 2671 quasi
439 2580 550 2662 filum,
576 2603 646 2671 quo
672 2581 800 2671 saepius
827 2580 864 2649 in
891 2602 1053 2649 arcanam
1079 2603 1221 2671 quoque

173 2697 352 2786 scriptoris
368 2705 527 2764 mentem
545 2695 719 2784 perveniri
737 2696 856 2785 possit.
901 2695 1006 2778 Quod
1024 2704 1144 2764 autem
1163 2717 1223 2785 ap-

173 2809 328 2901 pellatur
343 2809 388 2878 ab
406 2831 449 2878 eo
467 2808 562 2876 idem
580 2808 797 2899 Coryphaeus

420 2964 517 3037 γλῦκιις
530 2965 625 3036 κρὴτηρ
637 2965 825 3037 ἀγαφθέγκτων
837 2965 935 3029 ἀοιδᾶν,

174 3101 297 3193 quidni
317 3102 522 3192 judicemus
548 3126 590 3172 ea
613 3125 700 3173 voce
726 3103 958 3173 demonstrari
987 3101 1223 3173 felicissimam

174 3215 272 3284 illam
291 3217 363 3284 vim
381 3217 546 3308 exquisiti
566 3224 700 3297 cantus,
715 3238 784 3306 qua
801 3215 916 3285 solent
934 3216 1092 3297 excitari,
1107 3217 1226 3284 nescio

174 3329 363 3421 quomodo,
377 3328 467 3399 alius
483 3339 564 3421 post
581 3330 701 3411 alium,
715 3331 856 3422 cognati
874 3330 1073 3398 animorum
1092 3341 1225 3411 motus3

175 3444 264 3513 adeo
295 3451 337 3511 ut
365 3443 410 3512 ab
439 3467 511 3512 una
540 3444 665 3535 saepius
694 3466 922 3512 numerorum
953 3442 1107 3513 flexione
1138 3445 1225 3512 fiant

175 3557 276 3646 quasi
299 3556 458 3646 quaedam
487 3557 647 3636 divortia,
672 3557 766 3624 vario
793 3557 931 3636 itinere,
958 3579 1127 3625 novorum
1155 3579 1228 3625 car-

177 3668 338 3740 minum?
393 3669 482 3740 Jure
507 3671 617 3762 igitur
644 3670 809 3740 cantandi
837 3669 897 3739 illo
927 3671 1055 3740 artifex
1082 3678 1230 3740 vocatur

177 3785 301 3877 κρῆτηρ
322 3779 445 3865 ἀοιδᾶν,
466 3783 634 3874 poculum
656 3782 832 3865 videlicet,
859 3784 953 3852 unde
982 3782 1090 3853 libare
1115 3786 1226 3874 possit

178 3895 305 3988 aliquis
329 3919 401 3966 non
427 3919 498 3966 uno
525 3899 588 3968 sed
612 3896 772 3989 pluribus
793 3898 892 3987 quasi
917 3896 1069 3968 Poeseos
1094 3896 1225 3967 rivulis.

181 4007 302 4102 Pergit
323 4011 451 4079 deinde
477 4033 558 4080 cum
581 4011 653 4080 suis
678 4010 947 4081 comissantibus
969 4020 1064 4081 trans
1083 4011 1223 4081 Ionium

181 4143 275 4192 mare
295 4122 427 4204 Poeta3
457 4122 689 4217 Coryphaeum
710 4123 815 4216 jubet
834 4122 1083 4215 Syracusarum
1101 4127 1227 4196 merni-
