2768 4876
131 353 215 398 enac.
225 355 316 398 xxxi.
343 335 516 398 mmmoacn'
531 355 596 398 acm
609 336 755 400 masam
769 335 903 422 quadum
918 335 1077 422 voluptate.
1113 333 1178 401 641Ι

128 506 299 596 gionibus.
348 504 478 598 Neque
496 514 633 576 veteres
650 505 726 589 soli,
745 528 867 575 verum
886 508 946 599 qui
963 506 1018 577 his
1035 529 1176 598 quoque

127 622 347 715 temporibus
363 622 523 712 proxime
548 621 756 690 institerunt
773 644 895 691 eorum
915 623 1082 716 vestigiis,
1100 622 1176 713 qui·

124 756 189 826 que
208 736 302 806 adeo
320 734 570 828 elegantissimi
589 735 773 817 habentur,
788 737 914 804 mirum
927 759 1034 827 quam
1052 734 1175 827 procul

118 851 278 920 abierint
303 873 325 920 a
353 850 441 920 veris
466 859 600 920 naturae
626 850 770 920 deliciis.
823 850 967 942 Nempe
985 852 1176 921 foedissima

115 963 185 1037 hac
205 965 291 1057 labe
308 966 457 1036 infectos
475 988 550 1036 esse
568 967 671 1036 video
689 990 820 1047 omnes,
839 970 933 1058 quod
952 970 995 1038 ad
1015 968 1178 1058 volupta-

110 1083 215 1151 rium
233 1080 324 1150 illud
350 1104 462 1174 genus
487 1090 524 1151 et
545 1081 649 1173 plane
676 1104 880 1174 corporeum
910 1083 1029 1151 referri
1055 1082 1174 1164 velint,

108 1196 293 1289 quicquid
312 1197 349 1264 iu
366 1196 433 1266 hoc
449 1196 522 1266 caeli
542 1220 583 1268 ac
601 1206 772 1266 terranrm
791 1196 992 1288 spectaculo
1006 1198 1079 1266 sive
1093 1221 1175 1266 oeu-

106 1311 170 1382 los
187 1313 272 1381 sive
289 1335 390 1382 aures
412 1313 613 1382 mortalium
632 1314 772 1382 suavius
789 1320 923 1406 tangat.
977 1313 1030 1383 Ea
1054 1323 1175 1382 mente

105 1428 396 1520 Aristophanae,
420 1453 462 1499 ea
481 1428 652 1507 Catullus,
675 1451 717 1498 ea
737 1429 845 1519 (quod
873 1430 1029 1498 maxime
1056 1428 1177 1497 dolen·

106 1547 227 1635 dum)
247 1544 492 1615 festivissimus
517 1546 676 1614 omnium
695 1542 866 1614 Horatius
891 1544 1043 1614 contulit
1067 1567 1106 1613 se
1131 1545 1176 1614 ad

106 1660 277 1732 flumina
304 1668 341 1730 et
370 1661 413 1730 ad
446 1660 570 1753 sylvas,
598 1669 639 1728 ut
669 1682 738 1728 uon
770 1670 843 1728 tam
875 1661 957 1751 aegri
988 1659 1095 1728 animi
1123 1682 1178 1728 re-

108 1777 260 1869 quiem,
278 1799 384 1866 quam
409 1775 585 1845 libidinosi
604 1776 802 1844 fomentum
820 1775 987 1866 quaesisse
1006 1775 1176 1846 videatur.

110 1893 280 1964 Fuerint
296 1892 416 1984 itaque
432 1915 503 1984 prae
520 1893 655 1964 caeteris
672 1891 835 1961 omnibus
847 1891 902 1960 vel
918 1893 1175 1962 sententiarum

111 2009 300 2079 comitate
317 2007 373 2079 vel
390 2029 618 2078 numerorum
635 2007 755 2099 lepore
773 2006 936 2078 laudandi
951 2029 959 2088 ;
987 2015 1025 2077 at
1041 2030 1178 2099 germa-

111 2126 180 2194 nis
209 2131 332 2195 tamen
362 2124 451 2193 ruris
481 2122 697 2203 amatoribus
726 2123 932 2213 neutiquam
964 2122 1087 2192 ascribi
1117 2146 1177 2191 eos

114 2241 249 2321 velim,
267 2248 308 2308 ut
329 2241 389 2331 qui
416 2263 487 2309 non
512 2240 601 2308 ruris
622 2250 659 2307 et
682 2246 819 2308 naturae
841 2260 945 2308 causa
970 2240 1117 2308 rusticas
1141 2250 1178 2308 et

112 2354 307 2426 naturales
341 2378 396 2425 res
425 2342 631 2434 amaverint,
662 2354 724 2424 sed
755 2362 895 2423 tanturn
926 2361 1070 2445 propter
1101 2377 1179 2423 suas

114 2471 296 2562 quasdam
324 2469 491 2552 lautitias,
509 2493 595 2563 quas
621 2493 700 2540 rure
723 2471 944 2564 potissimum
968 2478 1094 2561 praesto
1112 2470 1178 2542 sibi

118 2585 206 2656 fore
224 2587 478 2656 existimarent.
738 2564 742 2576 ⁵

177 2700 263 2771 Jam
287 2702 323 2771 in
347 2703 494 2771 istorum
517 2703 615 2772 velut
634 2703 886 2794 Epicureorum
914 2726 1019 2774 censu
1048 2725 1180 2794 ponen-

122 2818 216 2887 dum
236 2817 310 2887 fore
323 2817 550 2887 Theocritum
569 2841 676 2910 cogor
693 2818 749 2887 vel
768 2818 900 2887 invitus
917 2819 1032 2901 fateri,
1051 2819 1179 2910 partim

125 2934 213 3024 quia
237 2942 395 3023 pastores
421 2933 496 3023 ejus
519 2933 635 3005 solent
663 2934 811 3002 dicenda
834 2935 983 3002 tacenda
1010 2934 1180 3024 proloqui,

127 3049 205 3116 sine
232 3048 348 3130 modo,
367 3048 442 3116 siue
468 3046 656 3140 religione;
680 3071 763 3139 quae
785 3070 840 3116 res
865 3071 946 3117 cum
971 3050 1008 3117 in
1026 3047 1179 3139 Virgilio

128 3168 237 3250 atque
260 3160 297 3228 in
320 3161 459 3228 caeteris
481 3161 530 3228 sit
556 3161 812 3241 molestissima,
837 3170 873 3231 at
898 3163 1036 3252 parcius
1059 3170 1180 3230 tamen

130 3276 245 3347 multo
262 3274 451 3346 adhibetur
463 3297 569 3365 quam
587 3276 623 3343 in
641 3275 745 3365 hujus
763 3276 869 3346 nostri
888 3275 1033 3367 ldylliis.
1073 3273 1180 3342 Dicas

132 3389 235 3481 plane
260 3388 339 3459 illos
365 3412 411 3460 ex
437 3389 587 3460 formula
604 3391 753 3479 quadam
773 3390 880 3481 loqui,
899 3397 1006 3480 atque
1030 3412 1075 3457 ex
1102 3390 1181 3457 imi-

132 3504 229 3574 tandi
253 3503 483 3575 necessitate:
509 3503 737 3573 Theocritum
761 3502 876 3573 Genio
902 3503 1014 3596 magis
1040 3525 1103 3571 suo
1130 3502 1182 3571 in-

133 3617 290 3711 dulgere.

183 3734 249 3806 Est
272 3742 449 3826 praeterea,
468 3758 538 3827 quo
562 3736 599 3803 in
622 3734 688 3803 hac
710 3756 748 3802 re
769 3735 924 3803 maxime
945 3757 1004 3802 me
1025 3755 1183 3802 commo-

135 3851 206 3918 veri
226 3849 350 3931 fateor,
370 3850 451 3930 (etsi
478 3873 624 3940 nequeo,
644 3849 737 3938 quod
763 3849 900 3928 dicitur,
918 3856 1125 3928 monstrare,
1145 3856 1182 3917 et

134 3964 247 4035 sentio
273 3972 440 4055 tantum)
464 3973 518 4034 est
544 3963 640 4034 color
663 3964 809 4055 quidam
838 3986 901 4054 per
927 3964 1045 4036 omnia
1070 3961 1182 4030 ferme

134 4080 207 4170 ejus
224 4080 403 4171 scriptoris
415 4103 527 4171 opera
545 4077 711 4160 diffusum
738 4100 808 4146 non
826 4079 1016 4148 inurbanus
1034 4077 1094 4146 ille
1106 4078 1182 4169 qui-

135 4194 223 4278 dem,
242 4216 359 4288 neque
377 4216 439 4263 suo
457 4216 578 4266 carens
599 4192 739 4283 lepore3
766 4216 871 4285 quem
892 4201 1010 4262 tamen
1030 4216 1110 4263 cum
1130 4194 1182 4266 in·

623 4315 677 4379 rt
