2768 4876
237 1522 593 1612 PRAELECTIO
624 1531 911 1613 VIGESIMA
943 1530 1121 1612 NONA.

161 2132 326 2204 Diseeptotur
344 2134 375 2187 de
392 2135 531 2206 Euripidis
548 2137 617 2190 inter
635 2138 780 2191 Primarios
801 2139 865 2191 loeo.
906 2138 1072 2209 Quadrupleu
1092 2141 1201 2208 offertur

190 2223 268 2286 ratio,
282 2240 329 2275 eur
340 2241 395 2275 eum
407 2223 509 2276 dubium
521 2225 603 2293 aliqui
615 2225 758 2279 habuerint.
789 2225 957 2278 Euoresantur
968 2228 1099 2289 nonnulla,
1112 2227 1202 2279 deinde

190 2311 361 2376 concluditur,
375 2313 456 2380 faeta
474 2314 622 2382 presertim
639 2314 787 2383 Ipltipeniae,
806 2315 956 2382 Antiquom,
975 2315 1112 2384 Polpuenae
1132 2333 1200 2368 men-

191 2399 267 2462 tione,
285 2416 316 2451 eu
335 2400 419 2452 animo
440 2399 580 2452 celebrasse
599 2400 673 2452 illam
694 2417 835 2453 communes
855 2407 880 2453 et
898 2400 1049 2453 domesticos
1070 2401 1178 2468 effeetus
1187 2423 1199 2460 ;

190 2485 355 2537 libentissime
374 2492 456 2539 autem
479 2486 507 2537 in
531 2486 591 2539 istis
615 2494 795 2540 commeatum
811 2487 908 2554 fuisse,
930 2505 985 2556 quae
1007 2486 1120 2539 durioris
1140 2495 1201 2541 sunt

189 2589 257 2624 oenoe
274 2578 300 2625 et
316 2571 352 2624 ad
366 2574 503 2625 ascetioa
517 2574 661 2642 propioris.
702 2574 758 2632 Quo
773 2575 800 2626 in
816 2576 870 2627 loeo
886 2574 1036 2644 expenditur
1051 2574 1118 2626 iliad
1134 2573 1202 2642 quod

189 2660 263 2728 oulqo
275 2659 380 2722 dieitur,
392 2661 542 2730 μισόγυνον,
555 2660 630 2712 immo
641 2661 772 2729 μισόθεον,
778 2663 866 2730 fuisse
878 2661 1040 2730 Euripidem.

247 2830 357 2901 UOD
382 2833 419 2900 in
445 2831 625 2901 communi
648 2833 723 2901 vita
747 2855 817 2901 non
843 2855 920 2901 raro
947 2834 1108 2902 novimus
1133 2856 1200 2902 usu

163 2833 243 3037 Q
270 2948 413 3028 venisse,
424 2970 552 3038 nempe
570 2956 611 3016 ut
627 2949 756 3016 mutari
771 2947 915 3017 deberet
933 2949 1050 3039 opinio
1064 2946 1120 3014 vel
1139 2948 1198 3017 diu

156 3064 271 3133 inusta
295 3064 340 3132 de
365 3063 432 3133 hoo
457 3063 510 3132 vel
536 3062 597 3132 ilio
623 3063 777 3146 homine,
796 3087 948 3154 quocum
973 3065 1080 3133 etiam
1099 3063 1201 3132 fami-

155 3178 287 3249 liariter
303 3180 441 3259 vixeris‚
460 3187 654 3249 monstrato
673 3180 815 3248 demum
834 3180 918 3269 quid
940 3179 1005 3248 sibi
1024 3177 1199 3247 voluerint

154 3317 268 3364 mores
294 3295 369 3386 ejus
387 3302 424 3362 et
443 3296 583 3364 vivendi
601 3296 700 3376 ratio,
719 3319 763 3364 ex
786 3318 828 3365 ea
850 3305 949 3386 parte
967 3318 1037 3386 qua
1053 3295 1199 3365 fortasse

154 3409 303 3479 antehae
331 3408 387 3478 vel
418 3409 537 3478 durior
567 3409 623 3478 vel
646 3411 800 3500 ineptior
826 3410 919 3479 visus
947 3411 1073 3479 fuerit:
1104 3411 1140 3479 id
1162 3411 1198 3479 in

153 3550 189 3597 re
206 3547 348 3617 quoque
364 3525 504 3616 poetica
521 3524 577 3593 vel
596 3526 723 3616 saepius
741 3526 901 3595 futurum
922 3549 1026 3595 nemo
1048 3550 1199 3618 negave-

152 3641 207 3722 rit,
225 3640 287 3731 qui
312 3642 418 3709 modo
443 3640 563 3732 paullo
589 3643 761 3711 attentius
780 3641 968 3711 Musarum
986 3644 1197 3711 commercio

153 3778 188 3826 se
214 3755 362 3824 dederit.
416 3755 569 3837 Etenim,
596 3764 637 3824 ut
660 3779 782 3825 verum
808 3757 930 3838 fatear,
957 3755 1119 3826 subtilior
1144 3766 1198 3826 est

151 3872 264 3941 nodus
287 3870 332 3939 de
356 3871 519 3940 universa
535 3871 688 3961 cujusvis
705 3873 899 3941 carminum
926 3872 1071 3952 ratione,
1091 3895 1197 3961 quam

153 3986 210 4077 qui
237 3998 335 4055 certo
358 3984 445 4055 solvi
470 3987 601 4077 possit:
635 3985 732 4056 loeus
759 3987 825 4055 erit
853 4009 992 4077 semper
1017 3985 1198 4077 probabile

152 4100 282 4193 aliquid
302 4100 541 4171 afferentibus.
593 4100 716 4193 Atque
733 4101 770 4169 in
788 4101 853 4171 hae
871 4125 920 4183 re,
938 4103 1029 4171 siout
1047 4102 1084 4169 in
1107 4102 1199 4171 mul·

153 4215 195 4286 tis
212 4208 301 4299 aliis,
320 4225 392 4285 “ut
416 4216 554 4307 pistum
578 4217 693 4307 poesis
714 4217 813 4284 erit.'’
864 4217 1013 4299 Quoties
1031 4216 1197 4286 videlieet
