2768 4876
164 324 260 374 erno.
272 332 365 373 xxm.
404 311 437 374 ia
451 333 522 375 ocos
536 332 649 396 quoquo
663 320 690 375 ot
703 312 836 396 inseras
850 311 1067 375 misericordia.
1149 314 1213 378 467

168 482 405 554 Gratulantur
421 485 487 554 sibi
504 494 584 577 post
602 483 730 576 paullo,
748 506 869 576 preces
886 506 924 554 se
941 484 1088 554 fundere
1094 494 1121 566 ¹¹,

380 609 425 658 νῦν
437 605 464 659 ἔν
474 607 621 673 ποιονόμοις

380 690 476 758 ματρὸς
487 689 596 759 ἀρχαίας
606 691 702 745 τόποις

168 785 323 874 bonique
340 785 376 853 id
394 784 472 854 loeo
490 785 616 854 ominis
638 783 783 867 habent,
801 786 895 877 quod
912 787 973 856 ubi
992 786 1128 880 Magna
1152 786 1214 857 illo

171 897 293 968 Mater
309 900 498 990 pueritiam
516 899 601 968 olim
619 909 749 992 egerat,
763 901 854 970 curis
871 911 1068 993 expertem,
1082 902 1213 972 ibidem

170 1023 205 1082 et
222 1014 307 1106 ipsis
326 1037 448 1084 secura
465 1014 671 1085 conceditur
688 1016 793 1084 statio
805 1027 839 1085 ⁰:

381 1137 443 1187 Δῖον
454 1157 494 1189 τοι
505 1135 580 1205 γένος
591 1134 707 1205 εὐχαμεβ
721 1133 784 1189 εἶναι

380 1222 428 1290 γᾶς
439 1219 490 1273 ἄπο
503 1219 577 1274 τᾶσδ’
590 1220 691 1274 ε’ναίκοι.

379 1307 491 1360 πάλαιαν
502 1305 524 1360 δ
537 1307 573 1361 εἷς
584 1305 656 1376 ἴχνος
667 1306 794 1375 μετέσταν

379 1390 497 1460 ματέρος,
509 1390 665 1460 ἀνθονόμους
676 1391 786 1455 ε’πῶτςας,

379 1479 491 1543 λειμῶνα
501 1477 636 1547 βουχίλον,
649 1477 721 1532 ἔνθεν
726 1477 782 1541 Ἴω,

380 1561 478 1635 α’ίστριρ
493 1562 662 1634 ἐρεσσομένα,

379 1647 472 1719 φείνγει
484 1648 644 1719 ἁμαρτίνοος,

379 1735 468 1787 πολλὰ
478 1737 581 1805 βροτῶν
593 1733 775 1803 διαμειβομένα

379 1821 462 1891 φῦλα.

216 1915 278 1986 Ad
305 1938 490 1998 summam,
508 1924 695 2008 utramque
721 1918 901 2009 regionem
919 1918 975 1987 vel
995 1942 1064 1988 una
1084 1920 1215 2011 suppli-

170 2032 308 2102 catione
335 2032 546 2101 amicissime
574 2032 751 2124 oopulant,
783 2032 839 2100 vel
869 2033 920 2102 ita
950 2042 1046 2103 certe
1072 2033 1216 2127 Argivis

171 2147 253 2215 dant
284 2149 425 2238 primae,
446 2155 487 2215 ut
513 2147 711 2238 significent
736 2171 773 2217 se
800 2171 882 2218 cum
907 2147 1036 2217 affeetu
1062 2150 1214 2240 quodam

171 2283 238 2330 non
255 2262 326 2331 levi
345 2263 470 2331 domus
488 2263 596 2330 etiam
615 2263 767 2352 antiquae
784 2263 960 2332 reminisci
972 2273 998 2331 Ρ.

380 2375 449 2434 αἶνος
461 2379 488 2431 δέ
500 2382 577 2431 πολιν
589 2377 662 2446 τήνδε
675 2381 822 2450 Πελασγῶν

380 2465 469 2533 ἐχέτω·
488 2463 547 2534 μίγδ’
559 2466 596 2518 ἔτι
609 2466 706 2519 Νειλου

380 2556 496 2624 προχόας
507 2554 627 2621 σέβωμεν
638 2552 733 2621 ὕμνοις·

379 2639 510 2707 ποταμοὺς
522 2637 544 2692 δ’
557 2637 582 2692 oi
595 2639 637 2691 διὰ
648 2641 736 2708 χώρας

380 2724 489 2793 θελεμὸν
499 2730 576 2792 πῶμα
587 2724 695 2795 χέουσιν

379 2808 531 2864 πολύτεκνοι
542 2812 662 2881 λιπαραῖς
672 2809 734 2880 χεύ-

380 2918 445 2964 μασι
457 2897 532 2967 γαίας

380 2982 440 3035 τόδε
451 2982 634 3050 μειλίσσοντες
644 2981 729 3037 οὖδας.

220 3078 353 3147 Nescio
376 3081 538 3177 equidem
566 3103 611 3149 an
638 3080 786 3149 debeam
812 3079 937 3147 eodem
964 3078 1093 3146 referre
1119 3077 1215 3146 favo-

171 3216 255 3290 rem,
274 3218 343 3285 quo
369 3196 531 3284 prosequi
554 3195 718 3264 videntur
736 3193 920 3290 Supplices
945 3192 1110 3262 animalia
1127 3215 1213 3283 quo·

171 3331 237 3398 que
253 3331 306 3391 ea,
324 3332 401 3400 quae
418 3317 539 3379 carent
561 3311 706 3378 ratione.
758 3305 930 3400 AEsohylo
948 3330 1031 3376 sane
1050 3307 1102 3394 (id
1120 3308 1213 3398 quod

169 3432 251 3491 ante
271 3425 346 3514 jam
368 3425 566 3516 docuimus)
584 3425 701 3515 potuit
720 3413 928 3515 Pythagorae
951 3422 1005 3492 sui
1031 3422 1214 3512 disciplina

169 3535 286 3606 locum
304 3538 404 3607 illum
426 3538 684 3608 commendare.
721 3537 808 3607 'Sed
835 3536 1036 3618 videndum,
1059 3559 1104 3605 an
1130 3536 1214 3604 data

169 3675 275 3742 opera
299 3652 408 3721 choro
431 3652 498 3743 ipsi
523 3651 712 3721 mulierum
738 3653 902 3721 tribuerit
927 3650 1094 3742 Scriptor‚
1117 3651 1214 3740 quic·

168 3767 253 3857 quid
280 3766 451 3857 ejusmodi
482 3767 590 3855 habet
620 3766 694 3836 haeo
720 3766 924 3858 Tragoedia:
960 3787 1004 3834 ne
1031 3765 1122 3833 forte
1152 3763 1212 3831 de-

168 3889 259 3951 esset
285 3879 430 3971 aliquid‚
460 3883 555 3972 quod
584 3884 627 3951 ad
656 3889 877 3950 mansuetam
905 3888 1134 3969 teneramque
1160 3877 1213 3944 in·

168 3994 284 4064 dolem
302 3996 505 4087 pertineret.
531 3995 653 4095 ,Hine
677 3995 852 4085 exquisita
874 3992 944 4075 illa,
962 3994 1038 4082 jam
1063 4013 1212 4083 nupera

168 4108 267 4180 nobis
301 4108 463 4191 adducta,
493 4110 620 4200 quibus
653 4109 710 4178 hio
740 4108 923 4178 lusciniam
953 4129 974 4175 a
1005 4105 1076 4175 suis
1106 4104 1211 4197 sylvis

235 4285 251 4313 ¹¹
271 4276 333 4346 Sap.
347 4289 391 4345 51.
581 4285 595 4313 0
613 4275 680 4329 Ibid.
694 4289 755 4345 545.
948 4282 962 4320 ν
981 4271 1048 4326 [bid.
1064 4287 1140 4342 1030.
