2768 4876
173 327 354 372 rannxxx.
404 309 577 394 Oppmmss
590 315 693 371 scorto
707 316 749 372 cst
763 309 877 372 runica
892 308 1007 373 Possis.
1154 307 1219 374 695

219 473 307 546 “At
329 475 425 545 enim
444 473 501 543 vel
526 476 603 545 istis
623 476 842 567 temporibus
863 476 1008 546 fuerunt
1032 477 1141 546 etiam
1166 477 1220 551 in-

171 597 226 661 ter
252 590 423 661 Ecclesiae
451 589 613 661 alumnos
632 591 694 682 qui
720 590 819 661 nulla
839 614 885 661 ex
912 601 1012 684 parte
1038 591 1138 662 bonis
1164 615 1218 662 re·

170 706 385 799 sponderent
402 705 492 776 suis:
514 706 658 776 fuerunt
675 707 867 799 degeneres
884 714 921 777 et
938 708 1088 799 inquieti
1105 707 1219 777 homi·

167 843 240 903 nes,
252 821 486 912 maximisque
503 822 702 891 animorum
720 822 1043 913 perturbationibus
1061 823 1216 892 obnoxii.

168 932 271 1016 Eos?
283 935 457 1025 inquiunt,
473 934 550 1004 “nil
564 936 680 1005 vetuit
694 943 800 1016 certe,
812 937 901 1027 quin
917 958 1047 1028 genere
1061 934 1122 1005 illo
1134 935 1217 1007 Vir-

166 1049 301 1142 giliano
323 1072 400 1120 sese
426 1058 635 1120 recrearent.
688 1049 827 1120 Verum
853 1050 902 1119 nil
929 1051 1001 1121 tale
1026 1053 1217 1121 fecerunt?

166 1159 321 1232 Proinde
339 1160 523 1253 scrupulus
540 1162 696 1253 injicitur
712 1170 749 1231 et
763 1164 926 1253 quaedam
944 1164 1129 1247 dubitatio,
1144 1185 1218 1232 recu

165 1283 252 1346 tene
276 1276 369 1355 hinc,
387 1276 483 1345 unde
507 1298 572 1346 nos
597 1278 704 1346 modo
726 1277 891 1360 diximus,
913 1287 1094 1370 repetatur
1119 1278 1216 1370 origo

166 1389 375 1484 Virgilianae
403 1388 564 1460 Poeseos.
617 1390 689 1460 Sed
716 1391 854 1474 frustra,
875 1391 963 1461 mihi
989 1393 1133 1474 credite,
1159 1415 1217 1462 oc·

166 1505 286 1575 currit.
339 1503 435 1574 Nam
466 1505 590 1595 primo,
614 1514 746 1597 quotus
771 1514 847 1575 erat
873 1505 1021 1599 quisque
1044 1515 1215 1586 veterum,

167 1620 223 1691 eui
252 1620 355 1690 istius
384 1619 585 1711 ignominiae
614 1627 699 1689 nota
725 1619 943 1690 debebatur?
978 1643 1060 1690 cum
1090 1622 1127 1690 in
1155 1644 1217 1712 op-

165 1757 285 1827 pressa
309 1742 347 1804 et
376 1732 536 1804 luctante
560 1733 721 1805 Ecclesia
744 1735 880 1828 vigeret
907 1736 1023 1806 adhuc
1051 1735 1216 1827 primaeva

167 1857 202 1920 et
229 1848 380 1919 candida
406 1847 535 1918 Pietas.
590 1848 740 1930 Deinde,
767 1850 795 1918 si
822 1851 883 1940 qui
909 1849 996 1941 lapsi
1024 1859 1153 1932 essent,
1178 1851 1216 1919 in

165 1971 334 2056 promptu
351 1970 427 2034 erat
444 1963 661 2034 remedium:
688 1962 797 2034 virilis
814 1964 948 2034 seilicet
965 1964 1035 2045 illa,
1051 1973 1088 2035 et
1105 1965 1215 2047 fortis,

165 2087 201 2149 et
219 2080 318 2158 dura,
337 2086 375 2148 et
395 2078 433 2147 in
450 2077 595 2148 ultimos
612 2079 695 2147 vitae
715 2100 825 2148 annos
848 2079 1019 2171 producta
1037 2078 1217 2148 Paeniten-

165 2193 223 2264 tia.
282 2192 372 2278 Quas
401 2199 588 2284 postquam
614 2192 724 2262 semel
751 2194 858 2286 digne
882 2201 1116 2285 occupaverat
1142 2195 1216 2267 ani-

164 2325 252 2387 mos,
271 2329 344 2376 non
368 2314 445 2377 erat
470 2307 641 2397 profecto,
659 2329 723 2376 cur
739 2316 886 2401 egerent
908 2308 1071 2378 homines
1091 2308 1217 2378 flebili-

161 2418 229 2491 bus
255 2420 383 2504 modis,
400 2429 438 2491 et
463 2430 591 2492 moesta
615 2421 682 2492 hac
704 2422 901 2506 dulcedine,
919 2447 1000 2516 quae
1025 2424 1216 2516 majoribus

159 2555 300 2616 eornm,
328 2535 488 2605 nondum
515 2535 662 2607 meliora
688 2536 831 2621 edoctis,
857 2539 947 2609 adeo
971 2541 1044 2609 visa
1072 2546 1126 2608 est
1155 2561 1215 2608 ne·

156 2649 325 2722 cessaria.

211 2763 322 2848 Quod
334 2773 517 2857 superest3
540 2765 677 2848 videtis,
696 2768 831 2858 opinor,
849 2765 1067 2849 Academici,
1086 2769 1136 2836 sic
1153 2792 1215 2860 op-

154 2886 317 2973 portune
333 2887 375 2949 ut
392 2879 480 2950 nihil
502 2880 614 2973 magis
631 2890 793 2953 exortam
810 2904 886 2952 esse
904 2880 1105 2974 praeclaram
1122 2882 1214 2954 hane

151 3001 299 3064 seetam
326 2992 541 3064 Poetarum:
577 2995 749 3086 siquidem
776 3016 840 3064 nos
865 3017 936 3064 non
961 2995 1055 3066 male
1081 2997 1215 3067 divine-

152 3107 290 3189 vimus,
307 3109 498 3199 primordia
519 3109 581 3179 illa
606 3110 700 3201 apud
721 3117 856 3182 veteres
875 3108 1001 3180 Graios
1026 3110 1084 3179 edi
1110 3120 1213 3202 potu·

150 3221 231 3293 isse
256 3222 383 3292 animis
409 3224 566 3293 nondum
592 3224 722 3305 fractis,
747 3246 813 3293 nec
836 3225 914 3294 sine
936 3246 1013 3316 spe,
1037 3223 1112 3297 fore
1137 3234 1215 3302 tan-

151 3335 246 3407 dem
276 3345 319 3406 ut
349 3338 440 3408 bene
469 3339 644 3430 beateque
673 3339 794 3408 vivant
823 3337 995 3421 homines,
1022 3339 1212 3413 modove]

151 3446 328 3521 Heroum
352 3454 425 3522 vita
450 3451 662 3536 Homericis,
680 3453 737 3522 vel
761 3453 1064 3547 Pythagoreorum
1090 3455 1213 3526 redda-

149 3573 221 3636 tur
238 3563 462 3657 AEsehyleis:
489 3576 612 3638 eontra
632 3576 764 3650 autem,
786 3569 848 3661 qui
870 3569 981 3642 serius
1008 3570 1102 3640 enati
1129 3571 1211 3654 sint,

149 3688 286 3774 postea
316 3681 482 3752 videlicet
504 3705 612 3775 quam
643 3685 680 3753 in
711 3684 796 3754 orbe
826 3692 998 3754 terrarum
1024 3683 1211 3757 effulsisset

152 3793 280 3865 vitalis
305 3817 346 3865 ac
372 3817 523 3888 superna
549 3796 640 3880 Lux,
666 3796 736 3868 illis
761 3797 849 3867 nihil
873 3821 960 3891 opus
987 3799 1098 3882 fuisse
1117 3800 1212 3890 ejus-

151 3909 258 3980 modi
289 3909 440 3981 solatio:
474 3913 621 4004 proinde
655 3912 732 4004 ipso
763 3934 833 4005 qno
868 3912 992 3983 debuit
1025 3913 1211 3984 intervallo

154 4025 366 4097 subvenisse
393 4024 576 4096 hominum
604 4026 785 4098 desideriis
811 4027 1046 4121 Virgilianam
1072 4029 1210 4101 Poesin.

158 4137 289 4236 Itaque
312 4138 458 4232 hujusce
476 4149 574 4216 certe
591 4140 733 4212 familiae
749 4142 893 4214 annales
917 4166 990 4233 non
1015 4144 1108 4217 male
1129 4169 1211 4222 con·

667 4276 718 4326 ss
