2768 4876
162 342 257 384 annu.
271 339 385 382 xxrm.
441 317 558 382 macri
572 338 639 382 acm
654 316 688 380 ia
703 316 832 380 lamnam
846 314 1014 380 odmundo.
1151 316 1213 382 571

162 493 327 586 repetitae
353 513 471 562 rerum
488 490 692 560 Atticarum
718 489 849 569 laudes,
872 497 949 558 tum
973 488 1101 558 ultima
1126 511 1216 580 prae-

163 610 284 680 sertim
304 607 367 677 illa
382 607 488 677 statio
501 604 701 676 moribundi
712 606 788 697 jam
804 605 907 686 senis,
920 604 1096 694 descripta
1113 626 1214 695 paene

163 726 205 794 ad
229 721 391 816 regulam
412 731 520 812 atque
544 721 588 791 ad
611 722 764 799 lineam;
790 728 831 789 ut
852 719 936 811 ipsis
954 720 1029 810 ejus
1046 720 1215 812 vestigiis,

165 840 223 929 qui
247 836 367 919 vellet,
389 847 507 928 posset
532 837 703 917 insistere,
728 857 818 903 neve
844 833 954 903 latum
981 833 1124 924 quidem
1150 856 1215 902 un-

164 973 269 1043 guem
289 973 311 1020 a
327 959 464 1019 sacrato
481 948 560 1018 loco
579 949 759 1018 discedere
769 942 799 1017 ¹¹.

377 1077 432 1132 ἕπει
446 1075 468 1130 δ’
481 1076 576 1147 ἀφῖκτο
588 1075 634 1144 τὴν
646 1075 819 1146 καταρράκτην
830 1073 891 1128 ὁδὸν

377 1163 485 1235 χαλκοῖς
495 1163 620 1232 βαθροῖσι
631 1162 711 1232 γῆθεν
722 1161 896 1233 έρριζομένον,

378 1251 442 1318 ἔστη
455 1248 582 1303 κελεὺθων
594 1249 621 1302 έν
632 1248 821 1318 πολυσχῖστων
832 1252 887 1318 μιᾷ,

378 1335 467 1388 κοίλου
478 1335 561 1390 πέλας
573 1335 706 1405 κρατῆρος,
719 1333 750 1387 οὗ
762 1333 793 1386 τὸ
806 1332 913 1402 Θησέως

378 1419 490 1491 Περίθου
502 1441 531 1474 τε
542 1422 622 1474 κεῖται
633 1417 705 1474 πίστ’
718 1418 758 1472 dar
770 1419 925 1488 ξιαθήματα·

378 1506 421 1577 ἐφ’
434 1505 465 1561 οὗ
475 1507 559 1576 μέσου
572 1507 646 1570 στὰς,
658 1509 704 1560 τοῦ
716 1528 745 1560 τε
757 1503 877 1576 θορικίου
889 1504 993 1575 πέτρον,

379 1592 467 1660 κοίλης
478 1590 499 1645 τ’
512 1591 634 1663 ἇχέρδου,
647 1590 668 1645 κ’
681 1592 732 1647 ἀπὸ
744 1587 834 1645 hainou
846 1593 940 1662 τάφου,

380 1675 500 1745 καθέζετ’.

168 1792 245 1878 His,
263 1794 420 1884 inquam,
437 1791 595 1862 locorum
620 1791 767 1875 indiciis,
785 1789 907 1861 habita
925 1815 1065 1883 quoque
1086 1788 1215 1882 saepius

167 1907 443 1998 propinquorum
477 1905 636 1974 Deorum
672 1904 820 1974 obscura
853 1904 1003 1996 quadam
1043 1905 1215 1997 significa-

168 2021 272 2103 tione,
302 2020 388 2089 fecit
419 2019 587 2112 Scriptor,
617 2028 658 2088 ut
686 2043 767 2111 quae
797 2019 982 2112 Tragoedia
1009 2020 1148 2088 actione
1178 2027 1215 2088 et

167 2136 287 2227 fabula
312 2159 385 2227 prae
411 2137 549 2205 caeteris
575 2135 769 2228 langueret,
787 2134 982 2226 {lueretque
1000 2135 1140 2217 tardior,
1158 2158 1216 2204 ea-

168 2255 247 2324 dem
272 2253 306 2320 vi
330 2273 468 2321 summa
490 2252 536 2320 ad
560 2274 597 2320 se
623 2250 856 2331 converteret,
884 2274 1068 2320 conversos
1092 2252 1216 2323 diutis-

167 2369 253 2438 sime
271 2367 458 2448 detineret,
480 2367 636 2438 animos:
664 2389 767 2457 quam
789 2366 928 2457 quoties
953 2365 1045 2458 lego,
1071 2389 1216 2459 moveor

167 2484 332 2576 equidem
353 2480 470 2563 altius,
488 2480 586 2550 velut
603 2482 629 2550 ii
647 2483 707 2571 qui
725 2505 805 2551 cnm
830 2468 985 2572 primum
1012 2503 1089 2549 eam
1116 2481 1215 2550 audi-

167 2608 254 2680 rent,
276 2596 454 2688 Sophocli,
478 2596 523 2665 ob
547 2607 703 2679 aetatem,
723 2606 763 2666 ut
784 2597 992 2688 quibusdam
1019 2596 1214 2679 videbatur,

167 2714 364 2807 desipienti,
391 2736 556 2783 coronam
582 2736 664 2792 cum
693 2714 788 2782 omni
818 2712 922 2782 laude
953 2711 1079 2806 deferri
1101 2712 1216 2803 jusse-

166 2835 258 2897 runt.
312 2825 372 2895 Sic
398 2836 436 2895 et
461 2849 524 2895 nos
548 2828 659 2896 ferme
686 2828 780 2897 subit
805 2826 940 2919 religio,
963 2832 1133 2918 negantes
1151 2825 1214 2894 tali

167 2942 239 3009 viro
265 2941 423 3009 nativam
451 2941 605 3010 Musam.
658 2941 772 3012 Venit
802 2944 839 3010 in
869 2949 1025 3009 mentem
1050 2938 1212 3031 Virgilii:

167 3058 251 3148 quin
282 3079 381 3148 paene
407 3058 635 3148 suspicamur,
659 3080 819 3128 manasse
845 3080 867 3127 a
893 3054 1068 3148 Sophocle
1096 3055 1214 3137 etiam,

166 3171 240 3263 ipso
270 3170 452 3256 insciente,
478 3196 604 3242 venam
637 3175 812 3264 quandam
842 3173 936 3242 illius
961 3193 1115 3263 poeseos,
1138 3194 1215 3263 quae

166 3288 311 3378 ponitur
326 3289 362 3356 in
381 3286 529 3357 Naturae
548 3288 693 3358 deliciis.

216 3401 296 3472 Erit
313 3404 432 3485 etiam,
449 3406 544 3494 quod
561 3405 652 3474 hanc
675 3404 886 3474 sententiam
911 3402 1005 3472 haud
1033 3401 1216 3472 mediocri-

167 3527 221 3588 ter
247 3520 453 3588 confirmare
471 3521 644 3603 videatur,
663 3520 767 3590 simul
789 3544 829 3589 ac
855 3520 1112 3610 respexerimus
1129 3517 1216 3610 Aja-

167 3658 256 3704 cem.
311 3634 406 3704 Nam
427 3645 464 3704 et
485 3636 521 3702 in
540 3658 582 3704 ea
599 3635 718 3704 fabula
740 3634 975 3726 pulcherrime
998 3636 1216 3726 conjungun-

167 3761 224 3820 tur
251 3750 401 3820 fortunae
430 3750 645 3820 etaffectus
675 3750 856 3820 hominum
888 3774 967 3820 cum
995 3751 1110 3828 maria,
1135 3748 1227 3843 lito-'v

165 3890 254 3948 rum,
273 3865 460 3935 fluviorum
480 3867 660 3938 variet-ate.
713 3865 828 3937 Velut
846 3866 916 3947 ubi,
935 3866 1101 3935 amissum
1118 3888 1215 3955 quae-

165 3993 284 4054 rentes
302 3985 439 4064 ducem,
459 3982 623 4051 invocant
641 3989 757 4050 nautae
775 3981 932 4050 locorum
950 3979 1083 4051 Genios
1095 3976 1113 4047 ἱ.

483 4111 522 4166 τίς
534 4110 565 4163 ἅν
578 4131 631 4179 μοι,
644 4110 683 4165 τίς
694 4106 724 4163 ἂν

483 4197 635 4266 φιλοπόνων
646 4195 755 4248 ἁλιαδᾶν

234 4333 249 4372 ¹¹
267 4335 328 4388 OEd.
345 4336 400 4388 Col.
417 4333 493 4387 1661.
972 4327 1032 4396 ¹Aj.
1046 4329 1107 4381 888.
