2768 4876
162 325 314 365 runnu.
387 305 453 366 Cur
464 303 568 366 Poenis
582 324 648 366 cum
667 301 823 387 Tuobyia
838 301 994 386 conspiret.
1145 302 1209 379 813

211 472 265 543 Ut
279 473 367 542 illud
381 473 532 542 alterum
552 482 699 554 taceam,
710 473 810 564 cujus
823 479 943 541 tamen
956 471 1050 542 haud
1064 473 1213 540 minima

165 591 217 658 vis
234 589 342 658 fuerit
367 613 509 660 necesse
528 599 592 671 est,
610 589 705 681 quod
722 588 772 657 illi
792 610 867 657 rem
889 610 1064 678 quamque
1088 587 1214 656 metie-

165 706 295 774 bantur
312 707 434 774 innato
447 707 601 796 quodam
618 690 758 775 honesti
772 713 809 773 et
823 704 940 772 decori
954 724 1067 784 sensu,
1079 702 1116 770 hi
1132 725 1214 771 cum

166 821 349 913 Epicureis
363 823 526 893 omnibus
538 823 693 891 fructum
710 820 863 911 aliquem
876 821 1092 911 quaerebant,
1108 842 1212 910 quem

166 946 333 1028 caperent
350 937 453 1007 oculi.
508 937 637 1028 Neque
655 960 737 1006 vero
755 935 843 1006 illud
865 935 979 1004 solum
1001 935 1214 1004 edocuerunt

166 1054 299 1123 nobilia
317 1055 481 1133 carmina,
501 1055 614 1123 odisse
635 1053 807 1145 profanos,
826 1050 888 1120 sed
909 1051 1024 1120 multo
1041 1052 1153 1144 magis
1170 1052 1215 1120 ad

166 1171 337 1261 pietatem
352 1179 390 1238 et
403 1169 609 1262 religionem
624 1178 854 1238 exercuerant
871 1169 1024 1250 animos;
1042 1167 1215 1258 siquidem

167 1286 297 1368 omnia,
324 1309 401 1376 quae
429 1286 539 1356 oculis
568 1295 769 1365 cernuntur,
795 1285 924 1354 referre
950 1283 1040 1352 solet
1066 1292 1216 1376 uterque

167 1402 316 1493 scriptor
332 1401 377 1470 ad
394 1400 546 1471 caelestia
559 1412 596 1470 et
608 1425 701 1484 vera,
712 1403 785 1470 sive
803 1423 845 1470 ea
858 1409 1041 1470 versentur
1058 1400 1095 1468 in
1112 1423 1217 1469 scena

167 1524 204 1584 et
221 1515 361 1584 actione
382 1515 577 1597 hominurn,
595 1518 669 1586 sive
687 1517 724 1585 in
743 1515 978 1608 pulcherrimo
996 1513 1070 1583 caeli
1089 1537 1129 1582 ac
1148 1525 1218 1582 ter-

167 1653 284 1699 rarum
320 1641 486 1721 aspectu:
527 1633 622 1722 quod
657 1632 752 1701 idem
780 1633 853 1723 egit
884 1652 1023 1720 semper
1058 1629 1219 1698 Ecclesia

168 1744 365 1828 Catholica,
384 1769 448 1814 suo
475 1756 594 1816 tamen
620 1771 729 1827 more,
747 1748 896 1840 mystico
913 1746 1064 1836 quodam
1093 1754 1130 1813 et
1155 1767 1218 1813 ex·

168 1860 274 1930 celso.
312 1859 466 1930 Proinde
480 1885 524 1930 ex
539 1863 605 1932 hac
619 1886 759 1954 qnoque
776 1872 876 1954 parte
894 1860 1048 1951 praeiisse
1066 1860 1217 1928 dixerim

168 1977 296 2047 saniori
315 1977 360 2044 de
378 1976 460 2048 Duo
484 1981 667 2048 sententiae
691 1988 849 2071 segetem
874 1977 970 2046 illam
996 1976 1216 2068 egregiorum

169 2093 376 2162 carminum.

219 2208 278 2278 Ac
292 2209 336 2277 de
354 2233 392 2279 re
405 2211 549 2300 quidem
563 2212 638 2302 ipsa
655 2211 739 2279 satis
755 2230 762 2278 :
789 2232 882 2278 nunc
901 2208 1032 2298 aliquid
1047 2206 1220 2275 decausis

169 2325 244 2415 ejus
275 2325 456 2395 addamus.
514 2325 644 2416 Neque
674 2326 768 2393 enirn
800 2323 967 2393 credibile
998 2331 1060 2404 est,
1087 2320 1220 2411 absque

168 2461 296 2508 arcana
326 2441 477 2530 quadarn
510 2441 771 2510 necessitudine
804 2451 877 2509 tam
913 2441 1025 2508 amice
1060 2439 1152 2506 inter
1182 2459 1220 2506 se

170 2555 394 2644 conjuratura
416 2556 491 2624 haec
516 2557 596 2638 duo,
622 2556 750 2625 Poesin
775 2566 811 2624 et
828 2553 1077 2645 Theologiam3
1104 2575 1221 2642 neque

170 2670 267 2761 operi
302 2679 421 2739 nostro
457 2671 664 2741 nobiliorem
696 2670 878 2739 cumulum
910 2667 982 2737 ullo
1019 2668 1124 2736 modo
1159 2689 1221 2757 po-

171 2785 319 2853 terimus
342 2786 534 2878 imponere,
552 2810 659 2878 quam
686 2788 715 2856 si
739 2789 859 2878 paucis
880 2806 1122 2876 exsequemur,
1142 2806 1220 2874 quac

170 2901 396 2991 potissimum
423 2926 500 2973 esse
517 2904 679 2974 videatur
702 2902 899 2973 communis
927 2899 1106 2990 utriusque
1130 2900 1221 2968 ratio

171 3028 208 3084 et
222 3015 370 3086 indoles

221 3130 345 3222 Atque
373 3132 440 3214 hic,
465 3142 506 3202 ut
533 3135 670 3225 saepius,
697 3133 948 3203 recurrendum
974 3132 1042 3200 erit
1072 3132 1116 3203 ad
1146 3131 1222 3222 ipsa

170 3247 275 3316 initia
318 3255 356 3317 et
394 3250 626 3319 fundamenta
659 3251 769 3318 totius
804 3246 968 3316 Poeticae.
1031 3246 1091 3316 Sic
1126 3247 1220 3316 enim

171 3364 383 3432 statuimus:
424 3364 578 3433 divinam
613 3363 709 3432 illam
745 3371 857 3431 artem
893 3363 930 3431 iu
965 3385 1007 3431 eo
1043 3363 1222 3454 praecipue

171 3479 267 3568 poni,
285 3488 326 3547 ut
350 3481 514 3549 remediis
531 3480 739 3571 quibusdam
767 3487 901 3546 recreet
925 3501 966 3546 ac
989 3478 1124 3550 reficiat
1148 3477 1222 3569 ple·

171 3614 235 3661 nos
252 3615 293 3661 ao
321 3603 500 3662 tumentes
528 3596 673 3663 animos.
726 3593 782 3662 Ex
801 3616 870 3684 quo
890 3592 1050 3674 efficitur,
1070 3602 1110 3663 ut
1127 3617 1223 3684 quae-

171 3729 241 3798 que
267 3731 322 3778 res
351 3708 407 3778 vel
433 3709 538 3778 altius
561 3708 729 3777 insederit
753 3709 791 3776 in
814 3708 997 3777 hominum
1025 3708 1219 3788 affectibus,

175 3822 229 3891 vel
249 3824 381 3893 diutins
399 3845 460 3892 eos
480 3831 711 3904 commoveat,
730 3825 780 3892 ita
798 3824 872 3892 fore
898 3825 1066 3914 majorem
1094 3822 1220 3912 cuique

171 3940 410 4031 cognitionem
429 3949 466 4009 et
484 3939 767 4009 communionem
787 3961 868 4006 cum
886 3962 923 4007 re
944 3936 1099 4007 Poetica.
1137 3937 1219 4006 Jam

170 4063 291 4124 autem
325 4057 454 4147 partim
489 4077 545 4125 res
579 4056 655 4147 ipsa
686 4055 800 4135 docet,
832 4055 960 4147 partim
991 4055 1148 4122 fatentur
1176 4054 1220 4122 ad

171 4191 284 4239 unum
319 4193 453 4254 omnes,
487 4193 575 4263 quos
610 4170 778 4240 credibile
817 4180 871 4239 est
906 4169 1065 4261 attigisse
1099 4170 1221 4259 primis

170 4287 279 4355 modo
297 4286 402 4356 labris
420 4296 675 4356 sacrosanctam
697 4287 884 4378 pietatem,
904 4283 990 4353 nihil
1014 4306 1099 4363 esse,
1126 4286 1220 4375 quod
