2768 4876
168 329 267 370 rann.
280 327 368 368 xxvr.
416 306 579 368 Ρίιιιίαιιιι
593 306 627 368 io
642 327 675 368 rc
689 326 800 389 qaoque
814 303 934 390 ίιιριιίνί
949 304 1087 368 bibacior.
1157 305 1222 370 517

171 479 240 548 diis
262 479 351 548 mire
368 479 579 569 temperari:
606 501 652 549 ne
676 479 734 547 cui
756 474 963 547 incredibile
986 478 1156 558 videatur,
1175 501 1221 548 ex

170 593 226 663 his
250 616 350 685 paene
367 593 560 685 puerilibus
576 593 651 662 fieri
669 616 770 684 posse
787 593 935 686 gradum
953 594 1129 685 quendam
1147 594 1221 663 adi·

170 717 322 800 tumque
343 709 386 778 ad
405 708 546 778 excelsa
565 732 607 778 ac
630 715 860 778 sacrosancta.
914 707 1000 777 Non
1019 731 1088 799 quo
1115 731 1221 802 nega-

170 827 296 908 verim,
312 848 458 918 regnare
484 825 692 916 plerumque
716 827 808 917 apud
826 847 909 894 eum
934 824 1093 895 laetitiam
1111 848 1221 916 quan-

171 942 253 1010 dam
278 941 430 1010 alacrem
455 953 562 1033 atque
588 942 745 1012 liberam.
798 940 918 1010 Nemo
939 963 1107 1032 unquam,
1126 942 1220 1033 quod

170 1058 290 1139 sciam,
309 1056 472 1128 laudatus
491 1057 603 1127 Poeta
629 1059 745 1127 minus
772 1059 863 1126 bene
886 1058 1105 1148 respondisse
1126 1058 1221 1126 vide-

170 1181 229 1242 tur
263 1172 450 1243 celebratae
484 1174 543 1242 isti
578 1172 785 1243 Aristotelis
819 1173 1017 1254 sententiae,
1048 1172 1219 1245 “Omnes

171 1289 370 1382 ingeniosos
395 1296 521 1358 natura
547 1287 820 1359 melancholicos
841 1289 949 1358 esse.''
1001 1289 1150 1372 Quoties
1168 1291 1219 1359 vi-

170 1404 301 1475 delicet
328 1407 372 1474 ad
396 1428 455 1475 eos
480 1406 637 1474 defertur
663 1403 767 1484 locos,
789 1405 849 1495 qui
875 1404 990 1474 solent
1013 1427 1218 1477 communes

169 1520 292 1592 haberi
313 1522 473 1590 omnium
498 1522 692 1601 hominum,
711 1522 843 1590 nedum
862 1520 1065 1602 Poetarum,
1084 1522 1220 1590 devita

170 1636 268 1705 brevi
294 1643 331 1706 et
349 1638 492 1717 caduca,
510 1638 554 1705 de
580 1636 708 1705 misera
729 1643 767 1704 et
793 1658 885 1728 aegra
910 1636 1113 1707 mortalium
1138 1659 1220 1705 con-

171 1752 316 1834 ditione‚
338 1752 383 1822 de
408 1752 522 1822 dubiis
548 1752 733 1821 hominum
761 1751 893 1833 officiis,
918 1754 1080 1843 curisque
1108 1753 1219 1821 inani-

169 1868 250 1951 bus3
304 1868 469 1937 cohibere
495 1869 655 1959 protinus
684 1890 725 1937 ac
750 1870 902 1937 coerceri
924 1868 1060 1938 flebiles
1082 1877 1217 1951 cantus,

170 1984 268 2053 velut
290 1986 386 2054 vocis
409 1984 452 2054 ad
476 1984 669 2077 lugendum
696 1984 847 2075 ineptae3
874 1984 982 2074 quaeri
1011 1985 1132 2054 statim
1155 1984 1219 2054 ali-

168 2100 272 2189 quod,
291 2100 386 2190 quod
403 2100 447 2169 ad
465 2099 630 2169 solatium
648 2100 824 2191 pertineat
832 2096 858 2169 ¹³.

382 2235 444 2290 ἔνδ
457 2237 539 2310 ὀλίγῳ
550 2239 653 2306 βροτῶν

381 2324 411 2376 τὸ
423 2324 532 2394 τερπνὸν
543 2325 654 2392 αὔξεται·
674 2321 740 2377 οὕτω
753 2322 781 2377 δὲ
793 2324 835 2376 καί
846 2327 930 2378 πιπνεῖ
941 2324 1022 2394 χαμαί

381 2407 520 2480 ἀποτρόπῳ
532 2412 620 2479 γνώμᾳ
633 2409 813 2479 σεσεισμένον.

381 2490 511 2562 ἐπάμεροι·
530 2492 557 2546 τί
568 2490 596 2546 δι’
608 2514 647 2548 τις
654 2514 662 2556 ;
681 2492 707 2546 τί
718 2492 740 2546 δ’
753 2497 783 2547 οὔ
794 2515 849 2558 nn
869 2496 944 2549 σκιᾶς
957 2492 1019 2563 ὄναρ

382 2576 523 2647 ἅνθρωποι.

168 2689 322 2760 Habetis
344 2693 493 2762 naeniam
511 2693 678 2785 AEschylo
696 2694 806 2764 ferme
824 2695 987 2789 diguam3
1014 2695 1071 2763 vel
1089 2695 1117 2764 si
1136 2697 1213 2786 quis

166 2805 255 2876 alius
272 2807 426 2877 tristiore
444 2807 575 2878 chorda
592 2809 679 2879 dura
692 2811 775 2881 vitae
794 2811 887 2880 mala
904 2811 1042 2880 cecinit.
1078 2809 1213 2881 Videte

167 2943 262 3004 vero,
280 2923 422 3014 qualem
440 2924 607 2995 adhibeat
623 2924 837 2996 clausulam:

378 3058 437 3114 ἀλλ’
451 3059 513 3115 ὅταν
525 3059 603 3132 α’ίγλα
615 3062 752 3119 διόσδοτος
764 3063 839 3132 ἔλθῃ,

379 3148 499 3217 λαμπρὸν
510 3146 611 3218 φέγγος
622 3148 727 3203 ἔπεστιν
737 3148 837 3219 ἀνδρῶν
848 3151 889 3202 καὶ
901 3150 1018 3219 μειλιχας
1030 3148 1099 3202 σίων.

167 3255 261 3337 Non,
289 3264 331 3325 ut
357 3255 553 3350 AEschylus,
577 3259 725 3328 obscrne
751 3267 788 3329 et
815 3260 921 3329 dubie
947 3259 1123 3351 loquitur3
1150 3283 1212 3329 uo·

164 3373 299 3441 minato
329 3373 435 3440 modo
469 3374 612 3442 nomine
643 3375 760 3444 divino
789 3376 991 3465 acquiescit,
1026 3398 1088 3467 spe
1123 3376 1215 3445 bona

165 3496 332 3578 certaque
349 3486 549 3557 meliorum.

210 3601 330 3685 Quam
348 3624 457 3693 spem,
468 3603 538 3672 alio
551 3605 715 3686 carmine,
728 3628 773 3673 ne
790 3613 905 3675 morte
920 3608 1063 3697 quidem
1076 3606 1209 3676 aboleri

162 3715 276 3786 docet.
332 3715 475 3809 Nempe
505 3728 701 3809 queruntur
733 3719 861 3789 miselli
896 3720 1065 3801 homines,
1097 3721 1207 3790 semel

162 3830 253 3902 facta
268 3831 369 3901 nullo
387 3840 547 3926 tempore
563 3835 637 3904 fieri
654 3857 755 3925 posse
772 3835 904 3907 infecta
921 3844 1028 3928 atque
1046 3836 1176 3906 irrita⁰z

480 3983 530 4033 τῶν
542 3978 571 4031 δὲ
582 3978 766 4049 πεπραγμένων

371 4062 400 4117 ἒν
411 4063 467 4133 δίκᾳ
479 4087 507 4118 τε
520 4066 561 4118 καὶ
573 4066 643 4134 παρὰ
654 4065 726 4120 δίκαν
737 4064 859 4133 ἀποίητον
871 4065 923 4118 οὐδ’
935 4063 967 4120 δν

371 4151 466 4220 χρόνος
477 4153 491 4203 ὁ
503 4151 603 4207 πάντων
615 4152 699 4221 πατὴρ
713 4150 814 4205 δύναιτο
828 4149 905 4219 θέμεν
916 4151 1000 4222 ἔργων
1012 4149 1095 4206 τέλος.

334 4319 440 4389 1)ΡγίΙι.
454 4322 479 4375 8.
497 4339 555 4392 131.
908 4329 919 4357 ⁰
936 4324 977 4377 01.
991 4341 1016 4377 2.
1027 4341 1069 4394 29.
