2768 4876
165 367 319 408 nnanxn.
364 346 452 409 Recte
466 344 606 410 adhiberi
620 356 729 410 actores
742 347 851 410 matria
864 347 1047 412 ardema
1121 348 1209 411 ·8ll

166 527 282 588 tarum
301 527 338 588 et
355 521 562 602 carminum,
580 543 650 612 quo
671 543 709 591 se
732 528 917 612 tantopere
935 521 1120 611 jactabant
1138 532 1212 592 tam

168 633 286 704 Latini
305 657 410 725 quam
430 635 541 706 Graeci
562 645 709 718 veteres,
728 634 801 706 Dm
819 635 965 706 consilio
986 646 1211 729 prospectum

167 749 344 841 quendam
372 750 502 819 habere
532 750 567 818 in
600 757 788 818 venturum
819 771 936 818 rerum
965 749 1135 832 ordinem,
1161 750 1214 819 in·

167 865 360 935 scientibus
376 867 429 947 iis,
447 867 506 956 qui
524 864 680 935 carmina
696 865 771 956 ipsa
787 864 999 957 pangebant.

218 982 311 1065 Quae
342 985 369 1052 si
404 1006 487 1052 vera
520 992 612 1063 sunt,
641 980 830 1073 probamus
863 983 1006 1050 omnino
1040 983 1212 1074 majorum

168 1108 366 1168 nostrorum
384 1100 568 1179 rationem,
586 1100 645 1190 qui
665 1106 780 1167 tantas
799 1098 987 1166 voluerunt
1005 1121 1080 1168 esse
1097 1109 1214 1191 partes

169 1225 330 1283 veterum
361 1217 543 1306 utriusque
575 1214 702 1306 linguae
731 1211 921 1282 Poetarum
950 1214 984 1282 in
1014 1215 1214 1284 erudiendis

168 1329 462 1399 adolescentibus.
515 1329 653 1420 Ecquid
671 1327 776 1407 aliud,
795 1329 948 1410 obsecro,
967 1328 1129 1420 agebant,
1148 1330 1212 1398 nisi

169 1455 210 1512 ut
241 1442 344 1513 Illius
372 1445 573 1514 insisterent
601 1443 767 1536 vestigiis,
798 1443 857 1533 qui
887 1451 941 1512 tot
970 1452 1054 1512 ante
1088 1443 1214 1513 seculis

170 1559 281 1629 imbui
308 1561 443 1630 curavit
465 1560 635 1651 ejusmodi
663 1560 815 1629 lectione
839 1583 982 1629 suorum
1006 1560 1103 1651 quasi
1131 1582 1216 1650 pue·

170 1674 312 1746 ritiaml
341 1676 400 1765 qui
425 1683 466 1744 ut
483 1674 507 1744 J
509 1675 617 1743 udaeis
635 1673 776 1743 oracula
794 1674 1062 1766 Prophetarum,
1080 1675 1129 1743 sic
1150 1697 1216 1743 eae·

171 1792 265 1870 teris,
277 1790 345 1860 alia
362 1791 522 1881 quamvis
539 1791 684 1872 ratione,
699 1790 798 1861 dedit
809 1790 1009 1871 Homerica,
1022 1790 1214 1874 Platonica,

171 1905 380 1999 Virgiliana,
416 1905 515 1974 velut
548 1905 748 1975 inchoatam
784 1908 959 1998 quandam
996 1907 1214 1998 sapientiam.

172 2021 337 2113 Denique
365 2024 414 2091 sic
442 2021 633 2090 habetote:
670 2023 899 2092 vehementer
925 2024 1093 2092 interesse
1118 2045 1216 2092 sanc·

172 2138 318 2207 tissimae
344 2159 484 2228 quoque
511 2135 694 2217 Veritatis,
712 2139 840 2207 servari
867 2160 999 2207 morem
1028 2137 1128 2207 illum
1155 2138 1215 2228 qui

172 2253 216 2320 ad
244 2251 333 2321 hano
359 2273 470 2341 usque
494 2259 634 2319 aetatem
657 2252 771 2344 viguit
793 2254 829 2321 in
848 2252 1051 2322 Academiis
1077 2254 1216 2335 nostris,

173 2368 266 2436 utin
285 2367 447 2436 manibus
466 2367 639 2457 juvenum
664 2366 735 2436 sint
758 2369 896 2438 assidue
920 2378 996 2438 turn
1024 2368 1214 2460 priscorum

172 2482 363 2552 Poetarum
391 2490 602 2573 operatum
629 2480 921 2574 Philosophorum
950 2484 1056 2552 etiam
1079 2492 1116 2551 et
1134 2482 1218 2552 His·

172 2599 385 2679 toricorum;
411 2598 471 2687 qui
495 2619 617 2665 omnes
635 2598 733 2687 quasi
752 2597 872 2667 Poetae
889 2606 971 2667 sunt
989 2598 1151 2680 habendi,
1170 2620 1216 2667 ex

172 2736 215 2783 ea
240 2721 337 2783 certe
362 2724 473 2804 parte,
491 2735 560 2803 qua
585 2711 700 2781 solent
725 2714 858 2807 erigere
884 2717 1028 2796 animos,
1055 2713 1134 2783 luce
1160 2712 1217 2782 vel

172 2829 350 2898 memoria
368 2828 424 2897 vel
442 2828 665 2919 cogitationis
683 2829 844 2899 excelsae.

223 2944 344 3014 Unum
360 2944 508 3013 addam:
527 2966 572 3012 ne
589 2944 739 3013 nimium
757 2945 906 3014 miretur
922 2944 1056 3035 aliquis,
1068 2945 1130 3036 qui
1143 2946 1217 3028 fiat,

174 3070 215 3131 ut
238 3061 275 3129 in
292 3083 334 3130 ea
352 3059 521 3140 doctrina,
538 3082 690 3150 quacum
714 3061 903 3151 conjuncta
923 3061 994 3129 sint
1021 3070 1075 3129 tot
1102 3061 1219 3152 turpia

173 3186 229 3246 tot
247 3177 376 3267 inepta,
390 3198 455 3244 nos
468 3175 622 3244 officium
638 3182 712 3245 tam
725 3199 831 3267 grave
845 3185 882 3245 et
900 3197 1002 3267 paeue
1016 3174 1217 3268 religiosum

174 3312 366 3384 ponamus3
393 3291 594 3360 meminerit
612 3292 641 3360 is
659 3290 765 3359 velim
785 3289 844 3378 (sit
864 3290 958 3359 dioto
978 3291 1093 3377 venia)
1112 3314 1216 3381 quam

175 3406 289 3476 multa
318 3407 352 3475 in
381 3405 620 3476 Sacrosauctis
646 3428 787 3495 quoque
811 3404 924 3474 Libris
955 3405 1127 3497 legantur,
1153 3406 1220 3474 mi-

174 3522 271 3590 rifice
304 3520 349 3590 ah
379 3521 421 3589 iis
450 3521 662 3602 dissidentia,
691 3544 772 3611 quae
801 3544 866 3590 uos
898 3519 1103 3589 homunculi
1136 3543 1219 3589 con-

169 3639 311 3729 jectura
326 3658 586 3727 auguraremur.
639 3635 734 3718 Quin
758 3638 956 3716 statuimus,
972 3637 1008 3704 in
1033 3634 1095 3703 tali
1118 3659 1220 3728 argu-

174 3761 298 3822 mento
327 3750 414 3819 nihil
443 3751 553 3820 ferme
584 3751 701 3821 valere
732 3753 964 3822 divinationes
991 3749 1217 3832 mortalium3

175 3869 295 3937 omnia
312 3867 347 3934 in
362 3866 448 3956 Ejus
465 3867 548 3957 poni
566 3866 721 3947 arbitrio,
732 3868 792 3956 qui
803 3889 924 3936 causas
942 3887 1059 3934 rerum
1076 3887 1218 3934 maanes

176 3982 270 4052 solus
288 3992 325 4051 et
343 3983 441 4050 novit
459 3989 495 4050 et
513 3982 696 4073 gubernat.

226 4097 298 4166 Sed
316 4097 500 4165 redeamus
522 4096 564 4165 ad
593 4095 821 4187 propositum.
873 4094 1050 4177 Quoniam
1068 4100 1215 4173 constat,
1234 4156 1237 4161 ,

176 4210 348 4303 probabili
375 4222 470 4280 certe
496 4213 640 4291 ratione,
660 4211 695 4279 in
722 4233 759 4279 re
786 4212 943 4279 omnium
966 4209 1131 4290 maxima,
1149 4231 1218 4299 qua

175 4350 247 4395 una
263 4328 465 4395 continetur
482 4326 574 4395 salus
591 4325 733 4395 humani
748 4326 896 4417 geuene,
909 4323 1037 4394 Poesiu
1050 4323 1217 4392 divinitus
