2768 4876
167 337 263 377 rann.
275 336 366 376 xxiv,
412 322 476 376 term
489 313 644 399 iaquicato
657 337 848 382 amarorum
860 341 976 404 panaro.
1151 323 1215 386 473

168 494 347 586 paulisper
367 494 404 562 in
429 492 661 585 longinquum
679 519 768 588 vago
786 519 827 566 ac
844 496 1000 566 violento
1017 498 1214 568 animorum

168 609 322 679 turbine.
363 607 421 678 En
438 609 504 678 tibi
521 611 687 704 ambages
703 622 740 681 et
758 613 943 695 anfractus,
962 636 1108 703 quorum
1128 614 1216 685 late-

169 724 241 794 bris
268 725 361 793 tueri
387 746 425 792 sa
452 725 562 816 possit
588 727 737 818 scriptor
760 729 877 797 nimiae
900 729 988 797 lucis
1018 729 1214 820 impatiens.

168 839 291 922 Quare
316 842 424 910 etiam
451 841 544 932 apud
561 841 735 934 Tragicos,
753 844 814 912 ubi
835 845 880 913 ad
900 843 1049 913 Chorica
1069 853 1215 912 ventum

168 965 234 1037 est,
253 957 354 1048 cujus
374 958 483 1049 partis
501 958 624 1027 eadem
643 967 697 1028 est
721 961 820 1042 ratio,
838 969 945 1050 atque
962 982 1084 1029 eorum
1105 959 1216 1029 ferme

168 1073 375 1154 carminum,
394 1097 471 1164 quae
492 1082 611 1143 cantat
630 1075 778 1165 quisque
800 1099 844 1144 ex
869 1099 907 1145 re
929 1083 966 1144 et
988 1098 1034 1143 ex
1056 1083 1215 1165 tempore

167 1190 205 1258 in
226 1189 406 1259 communi
431 1188 496 1258 hac
518 1191 611 1272 vita;
644 1214 735 1272 cum,
760 1193 914 1283 inquam,
938 1192 1045 1261 adea
1069 1200 1214 1258 ventum

167 1313 233 1384 est,
247 1303 406 1373 adhiberi
420 1305 540 1373 statim
553 1304 712 1375 videmus
727 1329 952 1376 numerorum
971 1328 1083 1398 genus
1100 1302 1214 1372 multo

167 1419 370 1489 adstrictius
392 1429 429 1488 et
450 1419 529 1512 lege
550 1421 755 1490 conclusum
779 1423 938 1492 arctiore.
991 1420 1085 1490 Illud
1109 1418 1214 1487 intel·

167 1531 249 1625 ligo,
268 1535 364 1624 quod
382 1535 491 1604 ternis
508 1546 646 1605 constat
664 1559 828 1605 versuum
846 1536 943 1626 quasi
963 1532 1216 1625 complexioni-

167 1648 242 1730 bus,
271 1659 345 1718 tam
376 1651 552 1741 exquisito
584 1652 705 1721 ordine
736 1654 891 1745 digestis,
919 1674 990 1720 non
1021 1650 1127 1719 modo
1153 1671 1216 1739 per

166 1764 358 1835 versiculos
375 1787 497 1835 verum
518 1789 582 1858 per
606 1768 762 1837 minutas
780 1789 935 1858 quasque
962 1762 1215 1834 versiculorum

166 1887 294 1970 partes,
320 1891 433 1952 utne
459 1881 591 1973 syllaba
612 1884 756 1973 quidem
782 1884 863 1966 ulla,
891 1885 963 1952 sive
989 1880 1127 1972 longior
1152 1903 1215 1948 seu

166 1995 316 2079 brevior,
338 1998 448 2089 possit
472 1999 604 2067 irruere
629 1999 666 2066 in
691 1999 845 2069 alienum
873 2000 1003 2080 locum,
1025 1997 1085 2066 sed
1113 1996 1214 2064 initio

166 2109 277 2179 semel
298 2110 335 2179 in
356 2134 482 2182 manus
500 2112 594 2192 datu,
612 2122 734 2183 teneat
751 2115 864 2205 quivis
882 2113 1033 2183 universi
1052 2109 1215 2180 carminis

166 2224 278 2309 filum,
296 2229 390 2316 quod
415 2228 544 2297 attinet
570 2229 614 2299 ad
641 2253 806 2299 numeros
829 2229 1013 2299 variandas
1039 2227 1213 2296 brevitate

166 2340 221 2411 vel
239 2341 461 2435 longitudine
479 2366 654 2413 sonorum.
680 2335 740 2414 ¹ld
757 2369 868 2415 uuum
887 2367 1024 2415 summa
1042 2341 1212 2433 religione

166 2466 318 2541 servant,
341 2467 382 2526 ut
408 2457 445 2525 iu
475 2482 688 2551 unoquoque
715 2482 942 2528 numerorum
968 2457 1103 2528 ambitu
1132 2456 1213 2525 duae

166 2582 284 2662 partes
307 2573 372 2642 sibi
398 2582 524 2643 mutuo
542 2577 789 2667 respondeant,
808 2573 1088 2666 Antistropbico,
1106 2595 1213 2662 quem

166 2697 305 2768 vocant,
331 2711 452 2772 more3
483 2691 589 2759 tertia
615 2712 706 2781 pars,
734 2715 814 2781 quae
841 2687 963 2778 ἕπῳδος
989 2688 1127 2767 dicitur,
1154 2686 1214 2753 de-

166 2813 283 2874 currat
299 2805 369 2875 alio
387 2829 527 2898 prorsus
544 2806 710 2877 modulo:
738 2808 830 2898 quod
850 2807 984 2874 facturn
1003 2825 1079 2871 esse
1097 2800 1212 2879 oredo,

165 2941 209 2986 ne
236 2918 377 2987 fastidio
403 2928 521 2988 essent
547 2920 706 2990 delicatis
737 2919 806 2990 illis
833 2919 1040 2990 Graecorum
1071 2911 1213 2983 auribus

165 3032 256 3102 ictus
273 3032 381 3102 iidem
399 3035 505 3103 toties
523 3036 675 3125 repetiti.

215 3144 369 3215 Habetis
393 3148 577 3230 rationem,
598 3150 652 3217 uti
675 3171 787 3240 spero,
810 3147 1027 3240 probabilem
1047 3147 1214 3217 Chorien-

165 3283 242 3329 rum
260 3262 353 3352 apud
367 3263 590 3334 Dramaticos
608 3266 824 3347 carminum3
851 3288 928 3355 quae
941 3264 1117 3354 quomodo
1130 3261 1214 3329 Pin-

165 3377 290 3446 daricis
310 3379 507 3459 conveniat,
526 3380 641 3449 dicam
667 3388 709 3448 ut
735 3388 869 3470 potero,
889 3388 1075 3470 postquam
1101 3400 1213 3469 pauca

165 3492 259 3582 prius
274 3492 452 3575 addidero,
468 3517 548 3585 quae
567 3495 705 3586 propria
724 3494 888 3563 videntur
906 3516 981 3562 esse
998 3492 1102 3583 hujus
1120 3516 1212 3583 quae-

165 3608 296 3676 stionis.
348 3608 492 3700 Nempe
518 3609 671 3678 effloruit
698 3633 771 3678 aevo
801 3609 1008 3688 recentiore,
1034 3588 1211 3698 hodieque

165 3732 202 3792 nt
220 3724 377 3792 maxime
392 3725 488 3817 viget
505 3749 548 3794 ea
565 3725 715 3794 formula
732 3747 887 3815 poeseos,
899 3747 976 3814 quae
991 3724 1210 3792 severissime

165 3840 322 3908 omnium
342 3840 525 3909 scribentis
546 3842 728 3933 ingenium
746 3848 886 3908 coercet
904 3841 996 3907 intra
1015 3860 1095 3908 suos
1112 3837 1209 3918 fines,
1299 3861 1301 3864 ’

164 3962 332 4046 angustos
357 3954 435 4024 illos
453 3957 618 4046 quidem;
648 3978 725 4039 eam
752 3954 913 4047 intelligo
931 3976 1035 4043 quam
1063 3975 1126 4020 nos
1151 3952 1210 4022 hic

163 4080 245 4140 ante
267 4072 551 4153 memoravimus,
568 4095 674 4164 quam
701 4071 843 4163 primus,
864 4085 905 4138 ut
928 4069 1086 4147 arbitror,
1106 4090 1211 4138 exco-

164 4185 228 4255 luit
250 4188 347 4278 apud
363 4186 475 4257 Italos
493 4188 669 4257 Petrarca.
722 4187 810 4270 Quae
836 4208 918 4255 cum
945 4184 1067 4276 spatiis
1088 4190 1210 4252 utatur

163 4303 248 4372 adeo
266 4302 414 4394 exiguis,
434 4301 530 4390 (narn
549 4325 595 4372 ex
612 4303 691 4395 lege
710 4302 861 4394 quadam
884 4305 1104 4370 sacrosancta
1119 4320 1209 4366 nun-
