2768 4876
163 325 257 370 rann.
272 325 384 368 xxxrx.
415 306 528 390 sepius
541 315 639 368 autem
654 306 796 370 uniuerso
812 306 941 370 locorrsm
955 307 1059 390 specie.
1148 309 1208 376 791

163 498 265 567 agros
298 499 369 544 non
400 476 543 549 dubiam
578 477 844 547 similitudinem
879 479 1003 571 agitati
1037 479 1209 571 aequoris:

166 590 259 680 quali
280 593 396 682 specie
413 591 557 684 puerilis
574 599 662 662 aetas
680 591 734 661 vel
753 595 928 684 praecipue
946 594 1021 686 capi
1040 595 1139 663 solet.

217 706 400 776 Proferam
418 715 456 776 et
473 707 551 789 alia,
570 731 646 799 quae
664 707 773 777 semel
792 710 864 777 visa
882 710 1089 780 crediderim
1107 709 1212 779 altius

168 820 337 892 insedisse
353 823 390 891 in
407 824 524 893 auimo
542 825 638 914 ejus:
664 821 747 892 bibit
765 823 930 893 videlicet
953 825 1075 918 ingens
1092 848 1212 894 arcus:

163 935 314 1029 pendeat
336 938 479 1030 capellae
503 938 625 1030 procul
644 940 852 1008 dumosade
870 962 975 1030 rupe:
1002 938 1109 1010 libant
1129 963 1212 1032 apes

169 1049 315 1123 flumina
332 1073 470 1121 summa
482 1075 491 1135 ;

488 1163 577 1218 Saltus
589 1164 672 1218 reficit
679 1165 736 1235 jam
748 1163 853 1218 roscida
865 1163 950 1220 Luna.

217 1267 343 1360 Atque
363 1269 490 1339 horum
508 1272 651 1361 quidem
670 1271 721 1342 vis
738 1272 900 1340 universa
916 1273 1059 1363 ponitur
1083 1273 1120 1341 in
1142 1296 1214 1343 uuo

168 1383 351 1476 alteroque
379 1386 507 1468 verbo;
537 1396 619 1456 sunt
650 1387 758 1455 etiam
789 1409 857 1454 non
889 1410 1010 1477 pauca,
1037 1411 1114 1478 quae
1143 1411 1214 1457 uon

169 1507 243 1573 tam
261 1500 407 1593 siugulis
420 1502 535 1571 verbis
550 1501 740 1585 delectant,
751 1525 857 1593 quam
875 1504 1050 1594 exquisito
1067 1525 1215 1594 raroque

169 1637 342 1685 concursu
375 1615 606 1707 plurimorum
641 1639 767 1699 rerum,
800 1617 925 1686 eodem
956 1618 1215 1710 quodammodo

169 1732 417 1823 spectantium.
470 1730 524 1802 Ut
545 1732 620 1823 ipsa
641 1733 847 1802 omittamus
865 1734 1029 1815 carmina,
1046 1735 1217 1803 memine-

170 1848 241 1920 rint
267 1848 374 1916 modo
393 1847 500 1919 velim
526 1848 686 1918 homines
707 1846 763 1916 vel
784 1871 891 1939 apum
917 1849 1086 1931 stationis,
1105 1850 1216 1940 qualis

170 1961 381 2037 describitur
405 1963 507 2034 initio
525 1964 640 2053 quarti
665 1962 935 2055 Georgicorum:
964 1962 1020 2032 vel
1044 1965 1217 2034 umbrosae

171 2076 282 2159 vallis,
300 2101 370 2169 qua
395 2077 522 2147 deduci
542 2078 659 2168 jubet,
676 2078 822 2149 aestibus
847 2079 982 2160 mediis,
1000 2087 1159 2149 armenta
1180 2090 1217 2151 et

169 2199 314 2286 greges:
343 2191 399 2264 vel
417 2200 539 2284 portus
556 2193 651 2263 illius
676 2194 713 2261 in
738 2194 851 2285 prima
867 2193 1027 2276 AEneide,
1045 2197 1216 2287 antrique,

172 2307 422 2399 Nympharum
440 2309 574 2387 domus,
594 2330 676 2376 cum
698 2308 849 2400 scopulis
873 2310 943 2377 suis
968 2310 1215 2400 pendentibus

172 2421 264 2497 Haec
290 2432 328 2493 et
351 2422 532 2514 complura
552 2423 723 2513 ejusmodi
750 2424 801 2495 ita
826 2433 1027 2515 comparata
1048 2448 1123 2496 esse
1141 2427 1219 2496 dix-

173 2538 270 2619 erim,
284 2548 325 2607 ut
342 2539 378 2609 in
397 2536 542 2629 singulis
559 2537 731 2628 placuerit
749 2538 815 2608 sibi
830 2537 988 2629 Scriptor
1004 2541 1120 2631 specie
1134 2564 1219 2632 qua-

172 2653 254 2725 dam
272 2653 452 2725 familiaris
470 2651 611 2743 carique
629 2651 706 2720 loci.

222 2766 305 2837 Jam
329 2775 450 2837 autern
474 2767 519 2835 ad
544 2767 691 2840 alteram
718 2790 945 2859 properemus
964 2768 1151 2840 Socraticae
1169 2771 1219 2841 fa-

172 2882 278 2952 miliae
296 2890 429 2964 notam,
448 2905 597 2974 eamque
615 2883 855 2952 certissimam.
908 2884 1005 2954 Nam
1023 2908 1104 2955 cum
1125 2888 1219 2978 apud

174 2993 381 3066 Lucretium
404 2995 465 3064 vix
490 2996 600 3065 semel
625 3005 733 3087 atque
759 2999 888 3067 iterum
913 2999 975 3069 fiat
1000 3003 1135 3070 mentio
1154 3001 1221 3071 Pa·

173 3111 238 3190 nis,
252 3109 512 3202 Nympharum,
523 3109 683 3193 Veneris,
692 3110 884 3205 Virgilium
902 3114 998 3184 scitis
1016 3116 1112 3185 omni
1130 3124 1221 3185 tem-

174 3246 258 3314 pore
288 3231 326 3292 et
360 3222 438 3292 loco
469 3245 551 3292 cum
585 3246 705 3293 amore
735 3233 772 3293 et
801 3227 919 3295 studio
948 3228 985 3296 in
1020 3252 1062 3299 ea
1091 3232 1220 3300 versari

173 3339 340 3407 materie:
367 3337 427 3428 qui
445 3339 682 3430 peregrinanti
699 3340 852 3432 primum
865 3341 986 3418 AEneae
1004 3352 1097 3415 terra
1117 3347 1221 3415 mari-

174 3477 244 3548 que
266 3455 315 3523 sic
342 3455 490 3523 comites
515 3453 651 3523 addidit
677 3453 785 3537 Deos,
808 3466 849 3523 ut
874 3479 1055 3548 nunquam
1080 3463 1221 3552 penitus

174 3569 296 3639 abesse
309 3591 369 3639 eos
386 3568 612 3661 intelligeres
627 3569 733 3636 modo
751 3592 814 3660 pro
831 3594 948 3640 rerum
965 3596 1006 3642 ac
1021 3584 1220 3666 temporum

174 3684 311 3753 ratione
336 3706 431 3752 nuuc
457 3682 572 3752 celare
598 3705 645 3763 se,
669 3706 763 3754 nuuc
790 3708 906 3755 coram
936 3689 973 3757 in
999 3690 1118 3761 oculos
1143 3714 1223 3782 pro-

174 3798 259 3868 dire.
313 3797 451 3888 Ecquid
468 3796 563 3866 aliud
583 3807 708 3868 sonant
725 3798 786 3868 illa
796 3809 818 3881 Γ,

420 3908 551 3962 Avertens
563 3925 639 3962 rosea
651 3909 752 3964 cervice
764 3911 866 3966 refulsit
869 3952 972 3971 .......

315 3993 351 4046 Et
363 4011 425 4047 vera
436 3993 543 4047 incessu
554 3995 641 4063 patuit
653 3995 729 4048 Dea?

176 4091 316 4167 Deinde
334 4100 413 4182 post
430 4091 560 4182 paullo,
590 4163 592 4167 ,

530 4210 654 4265 Obscura
666 4212 815 4282 gradientes
828 4232 886 4268 aere
899 4219 988 4287 sepsit,

317 4295 353 4348 Et
364 4297 449 4349 multo
462 4296 566 4350 nebulae
579 4297 679 4351 circum
692 4298 750 4352 Dea
762 4298 831 4353 fudit
843 4303 950 4356 amictu.

597 4417 687 4468 rAEn.
704 4433 726 4469 1.
741 4433 801 4483 40²·
