2768 4876
166 318 231 380 544
419 317 527 381 Ροοοίιι
540 325 656 381 amaro
663 317 939 402 patricibscocre.
1005 338 1100 380 raian.
1113 339 1210 380 xxvrr.

289 483 384 554 μισθὸς
394 486 445 556 γάρ
457 485 549 542 ἄλλοις
560 484 643 540 ἄλλος
653 483 696 554 ἐφ’
711 483 838 555 ἔργμασιν
848 483 992 554 ἀνθρώπως
1002 484 1109 557 γλυκύς,

289 573 424 641 μηλοβότᾳ
436 572 458 624 τ’
470 569 550 640 άρότη
562 569 584 624 τ’
597 570 760 643 ὀρνιχολόχῳ
771 592 800 623 τε
812 569 853 624 καὶ
866 568 895 624 ὃν
905 573 1000 627 πόντος
1011 570 1113 643 τρέφει·

288 656 386 726 γαστρὶ
398 656 426 709 δέ
438 659 489 712 πᾶς
499 678 538 711 τις
550 654 650 725 ἀμύνων
660 654 738 724 λέμον
750 656 822 724 αἰανῆ
835 655 946 710 τέταται·

289 739 318 796 δς
330 740 352 795 δ’
365 740 431 811 ἀμφ’
444 739 547 796 ἀέθλοις
558 739 573 808 ἢ
585 740 731 810 πολεμίζων
742 741 833 810 ἄρηται
845 740 916 795 κῦδις
927 739 1017 810 ιὶθρόν,

287 826 452 897 εὐαγορηθεὶς
465 828 540 882 κῦδος
551 825 668 898 θφιστον
679 824 787 890 δέκεται,
800 829 926 881 πολιατᾶν
938 827 980 880 καὶ
994 825 1074 895 ξένων
1087 830 1210 899 γλώσσας

323 913 414 968 άωτον.

215 1019 411 1098 Postremo,
430 1021 525 1110 quod
550 1021 660 1088 instar
683 1020 842 1088 omnium
864 1026 929 1102 est,
946 1017 1081 1088 habent
1106 1018 1212 1110 patri-

164 1136 297 1205 ciourm
328 1135 365 1202 in
394 1134 576 1226 republica
609 1143 728 1226 partes
762 1133 799 1202 id
829 1135 924 1224 quod
953 1135 1057 1203 unice
1088 1155 1211 1225 capere

164 1250 254 1321 solet
285 1249 454 1332 excelsos,
482 1251 723 1343 ingenuosque
753 1251 899 1319 animos.
953 1248 1019 1319 Isti
1047 1249 1211 1319 videlicet

164 1388 279 1434 causae
305 1366 364 1456 qui
395 1366 587 1435 exanimo
617 1365 797 1448 favebunt,
824 1366 1004 1457 rapientur
1032 1366 1211 1434 interdum

163 1481 281 1549 neseio
307 1481 486 1571 quomodo
509 1480 603 1550 ultra
626 1503 832 1551 communes
857 1480 921 1552 hos
946 1504 1078 1562 seusun,
1104 1490 1212 1572 atque

165 1597 201 1665 in
223 1595 401 1687 praeterita
425 1595 530 1688 longe
556 1595 732 1689 longeque
752 1596 964 1678 avolabunt3
991 1597 1028 1665 in
1046 1597 1212 1665 obscuros

163 1734 281 1781 rerum
303 1712 419 1781 fontes
437 1711 531 1781 ultro
554 1734 591 1781 se
617 1713 800 1804 recipient,
818 1713 1041 1803 pristinaeque
1058 1723 1096 1781 et
1113 1713 1212 1805 igno-

164 1835 212 1898 tae
238 1827 353 1896 aetatis
376 1825 507 1896 oculati
532 1849 642 1918 prope
668 1834 778 1895 testea
804 1826 901 1895 fient.
952 1824 1090 1896 Audite
1107 1847 1210 1897 vero:

163 1966 246 2013 nam
272 1965 409 2033 nequeo
434 1943 522 2011 mihi
544 1950 743 2033 temperare
764 1943 850 2032 quin
876 1941 1071 2011 exscribam
1097 1942 1212 2034 splen-

165 2057 360 2127 didissimos
391 2079 535 2140 versus3
569 2079 717 2149 quorum
750 2057 888 2126 numeri
919 2055 975 2124 vel
1005 2058 1080 2149 ipso
1115 2081 1210 2138 sono,

164 2181 276 2255 tanto,
302 2180 376 2241 tam
403 2172 509 2255 dulci,
536 2172 717 2243 declarant
743 2171 892 2241 Poetam
920 2170 1073 2240 libenter
1101 2173 1139 2241 in
1168 2195 1210 2243 oo

163 2311 288 2380 campo
306 2289 448 2378 spatiari
460 2284 487 2357 ¹¹.

287 2409 346 2463 ἄλλ’
360 2407 440 2480 ἂνέτι
451 2411 502 2481 γὰρ
515 2410 542 2464 ἒν
553 2411 599 2480 ula

284 2496 392 2564 τραχεῖα
414 2496 491 2566 νιφὰς
510 2495 636 2564 πολέμοιο
656 2493 794 2564 τεσσάρων
814 2493 914 2565 ἀνδρῶν
935 2493 1068 2565 ἐρήμωσεν
1088 2494 1213 2566 μάκαιραν

322 2581 419 2635 έστέαν·

286 2669 330 2720 νῦν
342 2666 363 2720 δ’
377 2665 409 2721 αθ
423 2668 488 2737 μετὰ
502 2668 632 2737 χειμερίον
645 2669 769 2722 ποικίλων
784 2672 870 2737 μηνῶν
884 2668 966 2738 ζόφον
984 2666 1056 2737 χθὼν
1069 2668 1115 2722 ὅτε
1126 2671 1213 2739 φοινι-

324 2752 419 2807 κέοισιν
429 2752 540 2821 ἄνθησεν
552 2751 639 2822 ῥόδοις

287 2838 414 2908 δαιμόνων
424 2838 542 2904 βοόλαις·
565 2842 579 2891 ὁ
592 2839 694 2909 κινητὴρ
707 2838 736 2892 δέ
747 2841 796 2910 γᾶς
805 2838 955 2910 Ὀγχηστὸν
966 2838 1055 2894 οἰκέων

286 2928 328 2978 καὶ
339 2924 458 2997 γέφυραν
469 2924 592 2980 ποντιάδα
603 2927 655 2995 πρὸ
668 2925 794 2995 Κορίνθου
806 2924 921 2996 τειχέων,

286 3011 361 3064 τόνδε
372 3014 460 3081 πόρων
470 3015 546 3083 γενεᾷ
558 3011 709 3081 θαυμαστὸν
719 3010 798 3081 ὕμνον

286 3096 315 3150 ε’κ
327 3096 425 3168 λεχέων
436 3096 523 3169 άνάγει
535 3096 625 3168 φάμαν
636 3099 749 3152 παλαιὰν
860 3158 863 3165 ‚

286 3183 397 3239 εὐκλέων
417 3185 506 3256 ἔργων·
531 3185 558 3239 έν
578 3183 648 3256 θπνφ
663 3186 714 3257 γὰρ
738 3184 826 3240 πέσεν·
848 3183 908 3239 ἀλλ’
925 3183 1106 3255 ἀνεγειρομένα
1123 3189 1213 3256 χρῶτα

321 3271 425 3341 λάμπει,

284 3357 442 3428 Ἀωσφόρος
453 3359 547 3427 θαητὸς
558 3360 592 3414 ὣς
603 3357 711 3428 ἄστροις
723 3359 750 3413 έν
762 3358 862 3415 ἄλλοις.

215 3462 326 3533 Hisce
348 3472 624 3532 consentaneum
650 3485 801 3554 prorsus,
821 3463 914 3554 quod
933 3464 970 3532 in
987 3460 1109 3532 insulis
1127 3483 1213 3552 quo-

164 3601 233 3669 que
250 3579 434 3647 beatorum
452 3601 616 3671 magnam
635 3580 710 3649 fore
727 3578 912 3648 coufirmat
937 3576 1118 3648 felicitatis
1134 3598 1214 3667 par·

164 3701 249 3773 tem,
267 3715 343 3762 esse
360 3713 442 3762 cum
462 3695 572 3762 veteri
590 3716 714 3786 regum
732 3703 769 3763 et
786 3694 935 3764 heroum
956 3692 1064 3763 choro
1076 3686 1097 3760 ¹.

306 3811 409 3881 Πηλεύς
418 3835 447 3866 τε
459 3813 500 3865 καὶ
513 3811 616 3881 Κάδμος
627 3812 655 3867 έν
666 3815 752 3867 τοῖσιν
762 3812 909 3884 άλέγονται·

303 3898 430 3970 Ἀχιλλέα
442 3898 463 3953 τ’
478 3898 560 3962 ἔνεικ’,
573 3899 629 3953 ε’πεὶ
641 3901 720 3967 Ζηνὸς
731 3897 794 3969 ἦτορ

302 3988 387 4041 λιταῖς
399 3986 497 4049 έπεισε,
510 3985 603 4056 μάτηρ.

214 4087 379 4183 Denique
414 4092 610 4162 nobilitatis
644 4091 696 4161 ita
729 4094 846 4162 fautor
876 4102 930 4164 est
958 4091 1141 4173 Pindarus,
1168 4101 1210 4161 ut

164 4225 287 4295 regum
315 4218 434 4277 tamen
465 4208 653 4300 imperium
681 4207 850 4278 facillime
880 4209 980 4278 ferat.
1033 4206 1130 4289 Quin
1154 4215 1209 4298 ty-

304 4349 421 4405 hIstbm.
435 4368 460 4421 3.
474 4367 517 4417 25.
888 4351 896 4390 ἰ
912 4354 953 4406 Ol.
967 4368 991 4406 ο.
1008 4368 1068 4418 141.
