2768 4876
171 293 235 359 416
452 297 500 360 Da
515 297 605 361 Nudo
624 297 767 381 Tribptae
787 298 924 362 Orestam.
1032 323 1126 365 rann.
1139 323 1216 363 xxn.

170 491 310 560 semper
333 468 543 538 haereremus
563 469 671 551 dubii,
690 493 842 561 quonam
868 470 904 538 in
932 468 1009 539 loco
1035 470 1218 542 habendus

54 608 57 616 ’
84 608 86 610 ’
169 593 263 656 esset
289 584 359 666 ille,
378 584 438 676 qui
462 585 573 655 fretus
599 584 732 656 coelesti
758 585 911 667 oraculo,
929 585 1064 655 facinus
1087 586 1217 680 alioqui

169 712 270 771 atrox
297 702 515 793 patravisset.
567 702 677 793 Cujus
707 701 919 794 gravissimae
945 702 1145 792 quaestionis
1172 726 1218 772 ne

168 818 260 887 desit
278 825 362 908 apta
379 825 417 888 et
434 826 531 887 certa
549 819 714 911 cognitio,
733 819 895 887 videmus
912 838 1087 902 summam
1113 819 1218 910 hujus

168 931 361 1025 Tragoediaa
383 933 473 1002 verti
501 933 538 1000 in
562 933 711 1023 quadam
741 931 1016 1012 Provocationa3
1047 932 1138 1002 sicut
1165 955 1217 1014 ea,

168 1071 249 1140 quae
283 1049 444 1140 proxime
479 1050 664 1140 praecessit,
699 1048 896 1117 solennium
932 1070 1077 1140 precum
1112 1049 1218 1118 ratio-

168 1187 250 1234 nem
268 1165 380 1234 ferme
397 1164 532 1235 habuit.
585 1163 634 1235 Et
651 1165 817 1256 quoniam
841 1166 911 1234 ista
936 1163 1126 1257 appellatio
1144 1188 1216 1234 uon

167 1279 317 1371 simplex
342 1288 418 1349 erat
443 1280 572 1362 maura,
595 1280 725 1371 quippe
749 1302 830 1370 quae
856 1281 1049 1371 pertineret
1074 1304 1145 1350 uon
1170 1282 1216 1351 ad

167 1393 332 1466 Orestem
351 1395 475 1477 solum,
494 1393 551 1465 vel
569 1396 677 1487 siquis
693 1394 783 1465 alius
801 1405 886 1465 tunc
905 1397 1073 1487 temporis
1091 1398 1216 1490 capitis

166 1512 259 1582 forte
279 1535 359 1582 reus
377 1521 479 1595 esset,
497 1510 558 1581 sed
581 1513 624 1581 ad
648 1533 706 1581 eas
728 1513 836 1582 etiam
858 1513 1121 1596 controversias,
1139 1515 1216 1604 qui·

167 1627 232 1697 bus
257 1629 461 1721 gravissima
483 1626 640 1697 Deorum
668 1628 925 1719 hominumque
947 1628 1030 1720 jura
1057 1630 1216 1698 contine·

165 1750 308 1826 rentur3
339 1742 420 1811 ideo
443 1742 604 1811 videmus
630 1765 770 1812 cursum
797 1743 938 1825 fabulae,
964 1743 1092 1813 Oreste
1114 1744 1215 1814 abso-

166 1855 255 1942 luto,
272 1860 420 1928 minime
446 1858 548 1928 finiri.
600 1857 705 1942 Quod
726 1860 791 1927 nisi
813 1858 979 1929 Minerva
996 1857 1111 1929 Furiis
1128 1883 1215 1950 quo·

166 1995 235 2064 que
252 1974 345 2066 ipsis,
359 1974 416 2044 vel
434 1972 498 2044 lite
515 1974 652 2055 amissa,
669 1974 887 2065 probavisset
905 1974 1093 2066 aliquando
1109 1976 1215 2046 curias

166 2111 237 2158 suaa
254 2090 477 2172 sententiam,
496 2111 639 2158 necesse
657 2098 733 2158 erat
755 2089 909 2181 pendere
925 2089 1033 2159 animi
1051 2089 1214 2174 lectores,

166 2204 428 2275 discedentibus
445 2205 560 2275 adhuc
579 2204 615 2273 in
633 2204 807 2274 contraria
825 2203 913 2274 Diis.

210 2317 267 2387 Ac
285 2319 452 2388 credibile
470 2328 534 2400 est,
549 2319 657 2388 etiam
675 2318 712 2386 in
730 2318 907 2409 tripartito
925 2317 987 2387 illo
998 2317 1213 2388 Prometheo

166 2433 238 2504 tale
267 2433 399 2527 aliquid
427 2436 559 2505 cavisse
584 2433 801 2527 AEschylum.
854 2433 951 2503 Nam
977 2443 1015 2503 et
1041 2433 1101 2515 ibi,
1122 2435 1214 2503 sicut

165 2560 270 2621 antea
299 2550 491 2633 docuimus,
520 2549 626 2643 caput
656 2559 742 2633 erat,
777 2559 912 2620 certare
942 2551 1036 2619 inter
1064 2572 1101 2620 sa
1127 2551 1214 2619 duas

165 2667 264 2758 quasi
286 2666 444 2736 Deorum
470 2666 630 2736 familias.
683 2665 754 2736 Sed
780 2667 901 2757 iniqua
927 2674 1087 2757 tempora
1112 2666 1214 2736 nobis

165 2783 368 2852 inviderunt
401 2784 477 2875 ejus
517 2783 601 2852 nodi
642 2781 867 2866 solutionem,
901 2783 1039 2874 perdita
1073 2782 1213 2873 jamdiu

165 2895 299 2967 laudati
317 2898 431 2989 operis
448 2921 519 2968 una
536 2907 644 2989 atque
661 2896 773 2967 altera
796 2906 906 2989 parte.
959 2897 1040 2981 Quo
1067 2896 1213 2967 meliore

165 3013 239 3082 fato
264 3014 401 3096 accidit,
426 3023 467 3083 ut
498 3015 636 3107 integra
660 3014 776 3083 adhuc
802 3014 999 3082 frueremur
1019 3011 1213 3107 Ὀρεστείας

165 3130 263 3210 serie,
282 3131 401 3199 necui
420 3131 539 3207 veniat
556 3132 592 3200 in
610 3129 758 3200 dubium
776 3128 933 3222 AEschyli
955 3130 1065 3198 nostri
1092 3137 1213 3199 sancta

165 3251 203 3312 et
233 3243 291 3333 pia
320 3265 441 3325 mens3
471 3245 532 3334 qui
558 3267 639 3327 non,
665 3252 707 3312 ut
735 3244 862 3324 caeteri,
891 3244 976 3312 satis
1002 3242 1136 3322 habuit,
1167 3240 1212 3309 ad

165 3364 327 3447 optatum
357 3357 495 3426 exitum
523 3358 728 3449 perduxisse
754 3355 1003 3448 Pelopidarum
1033 3355 1212 3433 fortunas3

165 3473 251 3564 quin
277 3471 382 3565 longe
407 3473 578 3564 majorem
604 3473 640 3541 in
663 3495 706 3542 eo
727 3473 846 3563 posuit
870 3493 1024 3563 operam,
1041 3479 1083 3539 ut
1105 3467 1213 3538 illaesa

165 3596 363 3658 servaretur
379 3597 457 3657 tum
484 3588 649 3680 majestas
667 3586 838 3671 Deorum,
856 3596 935 3656 tum
953 3586 1110 3655 omnium
1128 3607 1214 3675 qua-

165 3704 192 3773 si
212 3712 404 3774 concentus
422 3712 459 3773 et
477 3704 682 3784 concordia3
708 3725 797 3772 neve
814 3703 850 3771 in
868 3706 984 3771 errore
1002 3708 1214 3793 vagarentur

166 3816 274 3887 animi
291 3815 468 3896 mortales,
486 3826 549 3886 aut
566 3816 701 3886 incerto
718 3825 854 3885 rectore
872 3824 934 3884 aut
951 3813 1061 3883 nullo.

227 3932 309 4024 Ipse
351 3955 434 4000 vero
477 3954 598 4001 cursus
642 3955 683 4002 ao
730 3942 832 4001 tenor
876 3930 1054 3999 Poematis
1097 3929 1212 4006 docet,

166 4049 202 4116 ni
230 4047 342 4127 fallor,
369 4046 578 4140 AEschylum
610 4048 790 4141 aegerrime
821 4069 866 4116 ex
900 4044 996 4115 hisce
1026 4041 1212 4113 difficulta-

166 4163 261 4234 tibus
295 4185 333 4233 se
368 4164 545 4255 explicare
579 4164 744 4256 potuisse.
811 4162 868 4232 Ac
898 4162 1061 4232 novimus
1097 4158 1211 4250 plane,

166 4278 264 4349 nulla
297 4302 335 4347 re
368 4280 507 4371 gravius
537 4282 690 4371 torqueri
723 4281 873 4370 angique
905 4277 1106 4370 religiosum
1138 4276 1212 4343 ani-
