2768 4876
188 294 254 361 590
311 290 444 356 Chorion
459 289 546 376 opud
559 289 758 374 Eumpideru,
772 292 884 375 sceptus
897 290 1009 366 oum,
1043 311 1139 367 rann
1149 306 1237 350 xxrx.

190 465 400 548 “Quorsum
432 462 550 533 haec!’‘
576 463 671 532 dicat
701 463 837 554 aliquis,
868 472 1014 554 “neque
1040 471 1238 554 opportuna

189 601 306 670 neque
328 580 470 670 penitus
496 577 629 648 noval”
664 577 882 647 Crediderim
905 586 1025 647 antem
1050 600 1093 647 ea
1115 584 1237 646 mente

188 695 358 776 adhiberi,
379 706 420 763 ut
446 718 492 763 ex
517 696 663 763 adversa
689 701 789 784 parte
814 693 925 785 magis
948 693 1104 762 emineat
1130 701 1236 782 atque

188 820 308 880 exstet
325 811 487 880 militaris
501 809 563 879 illa
574 809 701 879 Thesei
718 809 882 900 majestas
895 815 932 876 et
949 808 1139 900 prudentia
1154 829 1236 899 rege

188 926 405 1019 dignissima.
457 926 619 1008 Quacum
640 925 748 994 etiam
774 946 842 992 non
870 923 963 993 male
981 923 1170 992 convenire
1186 923 1236 992 vi-

188 1043 295 1111 detur
312 1043 469 1132 ejusdem
482 1041 619 1122 Thesei,
634 1040 771 1132 longior
787 1038 881 1120 licet,
895 1039 1017 1120 oratio,
1028 1038 1235 1132 longiusque

190 1160 314 1250 petita,
337 1180 443 1249 quam
468 1156 577 1225 habet
607 1155 672 1225 snb
702 1156 803 1224 initio
830 1154 924 1224 illius
953 1154 1162 1247 Tragoedias,
1192 1155 1235 1223 de

189 1273 346 1342 utilitate
364 1282 400 1342 et
418 1271 612 1340 commodis
629 1272 711 1340 vitae
728 1267 877 1340 civilisfz
1245 1277 1247 1282 ’

471 1421 548 1490 ἔλεξε
559 1421 609 1491 γάρ
622 1442 669 1483 τις,
682 1421 717 1476 ὥς
728 1421 760 1474 τὰ
771 1421 876 1492 χείρονα

400 1509 481 1562 πλείω
493 1507 630 1578 βροτοῖσίν
643 1509 700 1562 ἔστι
712 1514 763 1562 τῶν
774 1509 918 1578 ἀμεινόνων

401 1595 452 1666 ἐγὼ
464 1595 492 1649 δὲ
504 1593 604 1651 τούτοις
615 1595 702 1649 ἀντίαν
713 1597 815 1667 γνώμην
826 1596 886 1668 ἔχιν,

188 1734 323 1820 Quidni
350 1735 425 1804 haec
451 1734 596 1816 diceret,
619 1758 688 1825 quo
715 1744 790 1805 erat
816 1735 987 1818 acumine,
1006 1735 1097 1817 Rex,
1115 1759 1235 1806 eorum

189 1875 298 1931 more,
320 1851 381 1941 qui
405 1858 589 1919 versantur
617 1851 655 1919 in
683 1849 836 1920 consiliis
865 1850 1024 1943 publicio,
1047 1853 1177 1942 quibus
1199 1861 1236 1922 et

190 1974 307 2034 tacere
334 1972 387 2033 est
411 1973 526 2056 turpe,
554 1973 591 2034 et
617 1965 792 2057 supplices
819 1966 927 2034 nimia
951 1986 1014 2056 spe
1040 1965 1161 2035 fovere
1185 1967 1237 2035 in·

188 2079 440 2150 commodum?
481 2079 567 2149 Non
592 2080 713 2171 itaque
739 2081 868 2172 inepte,
892 2081 959 2148 etsi
984 2103 1237 2172 nonnunquam

190 2200 311 2290 inepto
328 2220 500 2278 sermone,
519 2207 660 2289 tempus
679 2207 809 2268 terunt.

240 2311 364 2405 Atque
386 2313 441 2382 his
467 2313 670 2394 rationibus,
686 2314 747 2404 qui
767 2314 854 2384 velit
872 2338 947 2386 esse
964 2317 1082 2386 fautor
1103 2314 1238 2407 Euripi·

190 2431 254 2512 dis,
286 2430 417 2522 poterit
443 2452 526 2498 eum
557 2452 627 2497 non
657 2453 734 2498 raro
762 2453 931 2523 purgare:
962 2433 1013 2501 ita
1038 2440 1171 2513 tamen,
1197 2439 1236 2501 ut

189 2546 366 2636 supersint
390 2546 481 2614 bene
504 2545 628 2626 multa,
652 2568 697 2614 ne
723 2545 838 2615 dicam
864 2547 973 2638 plura,
1000 2571 1076 2639 qnae
1104 2548 1238 2617 incuria

190 2670 288 2730 certe
306 2661 405 2729 fundi
425 2662 600 2729 fateamur
622 2683 764 2730 necesse
786 2662 865 2731 erit.
918 2662 1018 2732 Idem
1036 2664 1072 2731 in
1090 2662 1237 2732 choricis

191 2801 332 2867 quoque
355 2779 431 2867 ejus
452 2777 561 2866 (quod
579 2775 731 2845 alterum
753 2788 827 2845 erat
853 2778 1099 2847 accusantibus
1116 2780 1236 2874 caput)

194 2893 249 2962 vel
267 2894 433 2963 audacius
451 2892 557 2961 velim
575 2891 720 2974 dictum,
740 2891 936 2963 Aristotele
953 2893 1064 2962 fretus
1081 2901 1237 2975 auctore,

192 3011 252 3100 qui
283 3010 421 3078 disertis
452 3007 567 3076 verbis
598 3006 764 3099 Sophocli
801 3033 846 3078 ex
880 3008 945 3079 hac
979 3016 1079 3100 parte
1113 3009 1237 3078 tribuit

193 3124 360 3216 palmam.
412 3120 511 3191 1ῑΤὸν
537 3120 651 3219 χορὸν,
676 3125 803 3215 lnquit,
824 3126 879 3194 ἕνα
903 3123 949 3193 δεῖ
973 3125 1154 3208 ὑπολαβεῖν
1174 3129 1238 3193 τῶν

191 3243 387 3336 ὑποκριτῶν,
399 3238 450 3307 καῖ
468 3239 584 3334 μόριον
601 3238 678 3308 εἶναι
696 3247 757 3309 τοῦ
774 3240 865 3323 ὅλον,
881 3240 932 3310 καί
950 3236 1237 3337 συναγωνίζεσθαι·

192 3355 237 3436 μί]
265 3353 376 3449 ὥσπερ
400 3356 479 3450 παρ’
506 3353 676 3449 Εὐριπίδῃ,
700 3355 777 3423 ἀλλ’
801 3354 913 3452 ὥσπερ
939 3354 1029 3450 παρὰ
1054 3356 1236 3452 Σοφοκλεῖ·

192 3480 265 3543 τοῖς
282 3467 316 3537 <li
332 3477 463 3543 λοιποῖς
479 3467 522 3539 τὰ
543 3467 690 3550 ὃιιίομένα
705 3470 887 3551 οὐμᾶλλον
903 3476 965 3540 τοῦ
980 3471 1081 3552 μύθου
1098 3471 1116 3552 ί]
1134 3471 1238 3552 ἄλλης

192 3581 379 3679 τραγωδίας
396 3584 481 3653 ἐστι’.
530 3584 671 3654 Videtis
693 3585 864 3665 omuibus
883 3593 1032 3675 excepto
1052 3583 1237 3675 Sophocle,

195 3701 281 3769 vitio
308 3700 396 3768 verti
421 3701 518 3789 quod
548 3701 584 3767 in
608 3699 766 3768 Choricis
791 3700 952 3769 cantibus
978 3700 1073 3769 abire
1102 3698 1238 3769 soleant

194 3817 231 3885 in
265 3815 334 3885 alia
368 3815 496 3895 omnia,
526 3823 630 3905 prout
665 3817 793 3907 cuique
824 3817 918 3884 domi
949 3816 984 3883 in
1021 3815 1151 3884 chartis
1183 3816 1238 3897 sit,

194 3932 289 4022 quod
316 3931 485 4022 populum
516 3928 702 4020 splendore
725 3930 782 4000 vel
810 3933 927 4000 sonitu
955 3939 1096 4022 captare
1119 3932 1239 4023 possit.

167 4122 170 4126 Α
197 4046 327 4137 Ecquis
345 4045 475 4138 neget?
502 4046 567 4115 etsi
585 4045 650 4116 hac
669 4070 808 4137 qnoque
826 4070 871 4115 ex
889 4054 988 4137 parte
1005 4046 1088 4115 nolo
1106 4055 1240 4115 temere

308 4285 422 4356 ²Suppl.
439 4287 496 4357 198.
941 4289 1039 4342 '‘Poet.
1054 4305 1077 4342 c.
1091 4305 1135 4359 32.
