2768 4876
183 1228 540 1313 PRAELECTIO
573 1229 905 1312 TRIGESIMA
935 1228 1207 1326 SEPTIMA.

160 1768 276 1838 duperia
289 1768 405 1838 quadam
417 1767 448 1821 de
460 1769 558 1838 criptae
571 1769 702 1822 AEaeidos
708 1791 720 1828 ,·
739 1770 865 1840 scriptam
875 1771 965 1838 fuisse
977 1788 1032 1823 eom
1046 1772 1120 1840 proti
1133 1771 1211 1824 animi

194 1873 264 1923 erpo,
276 1860 379 1907 semoto
391 1854 503 1924 predio.
538 1855 675 1923 Vispilimm
687 1874 743 1908 com
756 1857 880 1924 apricolc's
894 1857 1001 1924 mimflce
1017 1859 1129 1910 sensisse
1135 1879 1148 1916 ,·
1162 1874 1211 1926 po·

196 1945 293 1991 mumtur
302 1941 424 2009 ecemplm
435 1939 466 1991 de
477 1941 560 1993 variis
566 1942 713 2009 presertim
723 1942 794 1994 toris
804 1942 855 1994 diei
863 1964 876 2001 ;
894 1942 925 1994 de
937 1942 1037 1995 colendi
1048 1943 1193 1995 rationibus
1199 1964 1211 2000 ι

196 2026 228 2079 de
241 2026 387 2096 pecudibus
399 2033 424 2079 et
437 2026 537 2096 apibus.
573 2028 617 2080 Eo
628 2029 723 2097 sepius
732 2029 832 2096 festive
844 2029 940 2097 efferri.
970 2029 1002 2081 im
1014 2029 1131 2082 omnibus
1142 2047 1212 2099 pre·

196 2113 271 2182 cipue
283 2114 432 2166 commoveri
445 2113 604 2183 Scriptorem
616 2116 737 2167 memorio
744 2114 842 2184 prodii
854 2122 953 2168 tantam
964 2133 1015 2168 mon
1027 2116 1127 2168 amissi.

259 2282 420 2367 OLITE,
438 2308 570 2375 quaeso,
588 2295 723 2378 putare,
737 2285 956 2370 Academici,
969 2296 1087 2356 actum
1108 2288 1213 2356 modo

288 2422 352 2468 nos
379 2423 493 2493 agere,
520 2425 696 2493 memque,
723 2426 828 2494 quam
857 2411 993 2484 vocant,
1019 2402 1212 2497 σκιομαχίᾳ,

164 2526 307 2606 tempus
325 2524 451 2597 terere,
470 2519 563 2606 quod
582 2518 715 2588 scilicet
736 2518 847 2587 altero
867 2521 942 2610 jam
967 2541 1128 2588 sermone
1152 2519 1214 2588 ho-

164 2630 221 2698 die
240 2628 449 2720 Virgilianae
470 2630 621 2698 Poeseos
640 2653 813 2698 summam
831 2639 1034 2700 tractamus
1081 2631 1214 2699 Tenea-

163 2746 209 2813 tis
237 2745 353 2824 velim,
380 2768 450 2811 non
481 2745 516 2812 in
548 2769 590 2813 eo
617 2746 744 2813 versari
776 2747 980 2826 orationem,
1007 2754 1048 2814 ut
1077 2747 1212 2824 doceat,

167 2859 358 2929 pastoralia
377 2860 544 2928 libentius
562 2862 729 2929 cecinisse
752 2861 852 2929 illum
872 2864 997 2943 virum,
1014 2883 1121 2951 quam
1140 2859 1214 2928 He-

166 2977 270 3044 roica.
316 2974 410 3043 Satis
422 2976 647 3066 jampridem,
666 2983 706 3042 ut
724 2973 872 3041 arbitror
890 2975 1064 3064 equidem,
1079 2972 1212 3040 factum

167 3100 242 3159 erat
268 3090 317 3158 illi
346 3090 433 3158 loco.
486 3089 557 3157 Sed
576 3113 688 3180 operm
707 3090 861 3179 pretium
879 3089 952 3157 fore
971 3087 1167 3168 videbatur,
1186 3089 1213 3155 si

168 3205 398 3296 explicavero,
418 3229 487 3296 quo
506 3207 647 3273 tandem
676 3205 833 3273 evenerit
859 3205 974 3284 modo,
992 3213 1034 3272 ut
1057 3203 1130 3271 ruri
1151 3225 1213 3271 suo

168 3321 379 3390 valediceret
403 3322 584 3413 ingenium
612 3321 696 3390 illud
724 3328 948 3388 mansuetum
967 3343 1007 3388 ac
1024 3318 1143 3400 molle,
1162 3342 1214 3388 se-

168 3462 236 3529 que
267 3437 457 3507 contulerit
487 3438 523 3504 in
553 3436 731 3504 horrentia
757 3434 885 3503 Martis
911 3456 1017 3513 arma,
1044 3443 1152 3524 atque
1178 3435 1211 3502 in

169 3555 330 3647 frigidam
349 3553 445 3622 illam
464 3563 501 3621 et
518 3552 796 3621 commentitiam
814 3551 938 3619 AEneae
956 3572 1152 3639 personam.

220 3669 283 3738 Sin
301 3669 392 3736 forte
410 3666 566 3735 fastidiat
583 3666 707 3756 aliquis
725 3667 924 3734 universam
938 3666 1111 3755 ejusmodi
1123 3688 1211 3755 quae·

170 3785 331 3864 ationem,
349 3793 535 3873 propterea
561 3782 725 3851 videlicet
750 3782 843 3871 quod
872 3804 914 3849 ea
938 3804 1082 3850 necesse
1109 3783 1154 3851 sit
1180 3781 1213 3847 in

169 3900 344 3968 incertum
370 3899 505 3967 desinat
527 3907 564 3966 et
590 3898 874 3990 inambiguum:
900 3919 1023 3965 vereor
1045 3897 1214 3988 profecto,

169 4040 215 4085 ne
241 4017 379 4084 sordeat
403 4015 454 4082 illi
477 4016 550 4082 viro
573 4015 686 4082 omnis
710 4014 867 4082 omnium
895 4013 1088 4104 disputatio
1110 4015 1154 4082 de
1180 4035 1215 4079 re

169 4134 327 4223 poetica3
358 4135 457 4223 cujus
487 4130 694 4222 plerumque
722 4129 884 4198 subtilior
911 4132 957 4198 sit
984 4131 1084 4207 ratio,
1113 4151 1215 4221 quam

171 4272 247 4337 quae
265 4248 488 4339 physicorum
507 4250 576 4316 ritu
595 4245 757 4316 concludi
776 4269 816 4314 ao
834 4246 970 4314 definiri
989 4247 1110 4337 possit.
1151 4245 1215 4313 Po-
