2768 4876
514 283 729 346 INDEX.

50 439 153 522 Alauda
183 441 239 494 avis
264 459 326 494 cum
352 440 466 493 Pindaro
490 456 598 508 compo-

85 520 167 573 nitur,
180 513 251 564 xxvi.
262 523 322 577 521.

52 579 147 633 Albani
166 581 248 648 Reges
263 581 401 650 aVirgilio
420 597 481 632 cum
498 578 599 631 honore

86 652 234 713 memorati,
247 651 336 703 xxxix.
350 651 410 720 788.

53 719 163 782 Alcaens,
176 721 229 772 xvi.
240 721 300 773 282.
319 721 377 789 ejus
393 728 508 772 metrum
525 717 599 771 belli-

87 790 266 854 cosissimum,
289 791 349 859 283.
376 790 432 859 ejus
452 787 533 841 verba
554 806 600 856 po-

87 868 200 922 nuntur,
213 860 277 912 ibid.

54 928 168 1009 Alcestis
191 929 262 998 apud
286 929 440 998 Euripidem
464 928 600 988 moritura,

88 1017 161 1051 xxix.
173 1011 233 1069 597.

54 1067 158 1120 Alcinoi
170 1068 273 1131 hortus,
286 1069 329 1122 xii.
345 1085 403 1138 193.
433 1085 486 1138 qua
503 1067 525 1119 is
544 1067 602 1135 glo-

88 1139 128 1190 ria
146 1137 299 1201 delectetur,
315 1156 372 1207 194.
401 1139 457 1208 ejus
475 1138 502 1189 in
520 1136 601 1206 Ulys-

88 1225 147 1260 sem
159 1208 349 1272 benevolentia,
362 1221 420 1277 195.
445 1208 501 1277 ejus
513 1207 602 1275 epula-

89 1294 151 1330 rum
164 1279 239 1340 ratio,
254 1295 314 1348 203.
333 1296 396 1347 opes
415 1278 471 1347 ejus
489 1276 602 1328 admira-

89 1355 135 1400 tur
148 1347 269 1418 Ulysses,
282 1349 335 1401 xiv.
350 1364 409 1416 232.
433 1346 538 1417 Ulyssis
556 1363 602 1414 ga·

90 1434 135 1469 aas
149 1417 216 1471 bene
228 1419 351 1487 componi
361 1425 444 1479 curat,
453 1433 513 1485 233.
522 1416 604 1485 jactat

90 1503 120 1538 se
133 1487 254 1540 Deorum
266 1489 425 1549 interventu,
438 1505 482 1541 xv.
496 1486 556 1554 258.

55 1555 186 1636 Alcmene
208 1557 315 1611 Pindari
338 1557 458 1611 tutelaris
479 1557 603 1618 Daemon,

55 1640 305 1777 Aldrdobidrdbdagni
317 1696 458 1766 navigatio,
471 1696 507 1748 xi.
518 1708 576 1764 171.

55 1765 223 1888 Alcmgomus
246 1766 318 1837 apud
344 1767 499 1828 Pindarum,
523 1764 603 1818 xxvii.

55 1905 150 1985 Alieno
172 1913 282 1959 cantans
302 1905 438 1959 interdum
456 1904 604 1967 delectabit,

55 1988 189 2112 11ῑὲ997νὲ9
209 2045 238 2098 in
255 2045 377 2116 AEschyli
396 2012 605 2114 Agamemnone,

91 2133 136 2166 xx.
150 2114 210 2184 366.
235 2133 293 2168 eam
311 2117 356 2186 qui
375 2122 512 2184 spernunt,
533 2130 605 2182 sper-

56 2215 60 2219 ·
94 2194 160 2237 nent
178 2185 256 2238 etiam
275 2194 374 2248 nostra,
387 2186 449 2238 xxii.
464 2201 524 2250 414.
544 2200 605 2252 pro-

92 2255 151 2377 pria
168 2256 224 2324 ejus
242 2255 290 2318 vis,
304 2269 364 2325 415.
389 2255 536 2325 pastoralis,
555 2271 605 2322 pu·

113 2325 152 2376 ori
164 2325 287 2387 consulit,
300 2326 370 2379 xxiv.
384 2341 445 2396 470.
469 2331 546 2377 vocat
558 2341 605 2375 na-

57 2464 60 2470 ,
93 2401 181 2446 turam
193 2395 220 2447 in
233 2403 329 2464 partes,
341 2409 402 2466 471.
423 2394 561 2447 Pindarica
573 2393 606 2446 de

92 2465 232 2534 gymnasio
244 2474 359 2534 sumpta,
372 2465 443 2518 xxvi.
456 2479 517 2530 520.

57 2533 139 2602 Alpes
149 2535 304 2605 longinquae
320 2535 388 2598 licet,
401 2534 513 2603 Virgilio
526 2533 606 2586 dilec-

93 2612 138 2666 tae,
151 2605 258 2657 xxxviii.
272 2617 332 2674 771.

57 2672 161 2725 Altloeo
173 2674 321 2727 facinorosa
332 2673 434 2736 mulier,
447 2673 500 2726 xxi.
514 2690 575 2742 394.

58 2742 236 2796 Allltoemenes
249 2743 334 2798 Cretae
347 2743 472 2813 οἰκιστὴρ,
483 2743 535 2795 xvi.
545 2742 605 2812 267.

58 2812 202 2880 Amafinius
226 2813 373 2882 Epicureus
403 2812 475 2882 apud
501 2812 606 2865 Cicero-

94 2900 166 2945 nem,
179 2884 267 2936 xxxiv.
282 2884 342 2950 684.

59 2952 183 3005 Amantes
194 2970 256 3006 cum
269 2954 357 3006 Poetis
370 2953 518 3015 convenire,
528 2971 554 3006 v.
563 2951 606 3004 61.

94 3025 331 3144 eorum6colloquia
342 3023 375 3076 ab
390 3022 509 3076 Homero
523 3022 606 3085 vitari,

95 3110 132 3144 x1.
148 3106 178 3162 17
200 3132 205 3144 .

59 3161 269 3243 Amerieomorom
283 3161 535 3233 septentrionalium
551 3179 607 3214 car·

95 3249 214 3293 men,1v.
228 3247 270 3298 51.

59 3301 242 3370 Amphinomus
260 3303 293 3356 ab
307 3302 404 3372 Ulysse
422 3309 548 3364 tentatus,
563 3319 607 3354 xv.

98 3370 158 3424 260.
177 3373 234 3441 ejus
246 3373 365 3434 exitium,
379 3371 439 3424 261.

58 3439 244 3511 Ἀναγνώρισις
255 3460 302 3512 per
315 3442 418 3495 Orestis
431 3441 540 3504 crinem,
553 3441 607 3493 xxi.

59 3578 215 3648 Ἀνάμνησις
246 3581 389 3644 Platonica,
414 3581 521 3634 xxxviii.
548 3594 608 3650 774.

96 3650 252 3774 1171111191ἓὲ
273 3652 418 3720 Virgilium
442 3651 608 3718 significatio,

61 3749 63 3754 ·
96 3738 187 3773 xxxix.
254 3760 260 3773 .

60 3790 190 3857 Analogia
202 3733 224 3843 72
240 3791 309 3844 Dno
328 3798 439 3854 servata,
452 3791 533 3844 xxvii.
546 3804 606 3872 559.

98 3877 113 3912 a
133 3860 230 3923 Poetis,
249 3861 339 3913 xxxiii.
359 3860 420 3926 664.
448 3861 488 3914 vis
507 3861 563 3929 ejus
582 3879 609 3913 m

97 3931 207 3983 materia
237 3931 481 4001 uaqueperegrina,
495 3930 555 3983 666.

61 4000 206 4053 Anotlemo
261 4018 310 4053 mae
323 4001 440 4062 solenne,
453 4001 506 4053 xxi.
520 4017 581 4067 400.

62 4070 234 4191 Angnaqoroc
247 4070 382 4139 Euripidis
394 4071 528 4140 magister,
539 4071 610 4124 xx'nr.

116 4153 160 4207 05.

63 4209 188 4261 Anchises
206 4209 277 4278 apud
293 4210 437 4278 Virgilium
455 4228 522 4281 quos
541 4213 611 4264 solos

98 4279 197 4342 laudet,
210 4280 299 4334 xxxix.
314 4281 373 4350 788.

63 4349 169 4431 Ancilla
192 4359 322 4418 praestans
344 4351 436 4421 Ulyssi
461 4352 612 4422 augurium,

99 4437 153 4472 xiv.
165 4436 225 4490 229.

1133 280 1197 341 825

649 436 826 489 Andromaole
836 433 994 502 πολύδωρος,
1007 450 1033 486 x.
1047 430 1105 497 158.
1125 427 1197 498 apud

685 504 840 575 Euripidem
852 503 975 573 frigidius
987 505 1014 556 lo
1032 502 1114 562 uitur,
1124 498 1196 551 xxix.

685 577 746 646 587.
775 520 1057 643 curinea'l'ragoedia
1075 568 1198 638 Spartani

684 648 855 706 lacessantur,
875 644 935 709 588.
972 660 1030 696 eam
1052 640 1145 693 sedulo
1164 637 1198 691 ad

686 733 807 768 normam
817 714 965 767 communis
974 713 1034 765 vitae
1047 709 1125 778 exigi,
1134 721 1196 777 593.

685 787 742 856 ejus
761 785 799 837 rei
815 785 891 845 ratio,
911 800 972 853 594.
1003 783 1060 852 ejus
1080 796 1142 832 cum
1160 779 1198 831 fa·

685 856 758 908 mula
771 855 943 924 colloquium,
957 865 1018 974 595).

651 926 766 994 Ampliooe
783 925 883 992 linguae
901 942 981 976 usum
1017 918 1199 975 raelectoribus

687 1013 742 1048 non
755 993 887 1062 denegari,
900 994 918 1046 i.
932 995 957 1046 8.

652 1060 1200 1185 Amplimslgigtorlonginquaadumbrans,

688 1152 777 1187 xxxin.
846 1173 852 1185 .

653 1206 746 1258 Ammo
760 1145 864 1264 Mundi,
877 1201 983 1271 Virgilii
995 1201 1028 1254 de
1046 1219 1077 1253 ea
1095 1210 1200 1255 senten-

688 1275 734 1337 tia,
747 1273 836 1326 xxxix.
852 1274 911 1342 783.

653 1345 745 1398 Animo
759 1360 814 1396 non
827 1360 936 1411 corpore
955 1341 1050 1394 sentire
1068 1340 1199 1403 homines,

689 1413 778 1467 xxviii.
793 1425 853 1482 577.

653 1485 789 1553 Ἀνώμολο
818 1480 889 1551 apud
920 1479 1083 1550 Euripidem,
1109 1497 1201 1533 comm

689 1555 765 1615 ratio,
778 1552 850 1605 xxix.
863 1552 924 1604 600.
1051 1559 1059 1572 ‘

653 1625 739 1678 Antei
751 1622 843 1676 similis
855 1621 992 1688 Virgilius,
1005 1620 1113 1673 xxxviii.
1128 1632 1188 1689 775.

654 1692 813 1761 Antlmloqioe
834 1691 915 1745 verba
937 1699 1084 1760 ponuntur,
1110 1689 1201 1756 xxviii.

654 1778 782 1902 Aniidone
798 1830 870 1901 apud
883 1830 1051 1901 AEschylum,
1064 1829 1126 1883 xvii.
1141 1845 1203 1898 293·

692 1903 838 1973 Sophoclea
856 1919 917 1954 cum
933 1899 1076 1970 Euripiden
1093 1916 1202 1968 compo·

690 1975 772 2035 nitur,
785 1974 857 2024 xxix.
871 1970 932 2024 601.

655 2045 783 2098 Antiates
802 2041 891 2094 soeculi
905 2041 937 2093 de
956 2040 1041 2093 oneris
1060 2039 1202 2108 exemplar,

691 2114 744 2167 xiii.
757 2129 816 2176 214.
835 2059 989 2181 lugentibus
999 2109 1131 2180 objurgat,
1141 2122 1202 2178 217.

656 2181 907 2251 Antistroplicormm
943 2180 1091 2234 carminum
1127 2179 1204 2242 ratio,

691 2253 762 2307 xxiv.
776 2264 837 2373 477.

656 2326 740 2378 Antor
751 2340 804 2391 apu
835 2320 978 2391 Virgilium
990 2320 1103 2382 occisus,
1113 2317 1203 2372 xxxvi.

654 2408 756 2522 ’Adddc
767 2464 926 2520 Homericus
935 2462 963 2514 in
974 2459 1112 2530 Odysseia,
1122 2457 1205 2512 xxvii.

727 2552 753 2588 o.

656 2608 686 2661 τὸ
692 2548 853 2676 ξ’ῗ111ειροι111
871 2600 995 2656 Lucretio
1013 2598 1102 2661 amari,
1121 2597 1205 2650 xxxii.

692 2675 709 2728 6
731 2693 753 2728 1.

657 2692 805 2816 Apeininus
823 2761 910 2806 mons,
928 2742 957 2793 in
975 2756 1007 2792 eo
1024 2739 1135 2790 fortasse
1148 2736 1204 2789 Lu-

692 2816 803 2869 cretium
833 2815 915 2867 fuisse
945 2817 1087 2868 versatum,
1112 2807 1206 2861 xxxiii.

692 2885 752 2955 677.
772 2902 820 2938 cur
829 2883 983 2936 nominetur
991 2879 1020 2931 in
1033 2875 1207 2930 similitudine

693 2955 847 3024 Virgiliana‚
860 2951 967 3005 xxxviii.
982 2961 1041 3018 773.

657 3027 740 3096 Apum
758 3042 819 3078 cum
838 3022 966 3076 militibus
984 3016 1154 3086 comparatio,
1167 3016 1205 3069 ix.

696 3097 753 3149 128.
774 3112 836 3147 cum
849 3090 985 3151 Romanis,
998 3087 1096 3140 xxxvii.
1108 3097 1168 3154 752.

658 3167 728 3236 Apes
755 3164 907 3231 Virpiliomoe
931 3160 1027 3212 caelum
1050 3174 1112 3210 cnm
1136 3164 1207 3210 terra

694 3242 864 3295 connectunt,
877 3231 966 3283 xxxix.
980 3229 1040 3298 783.

656 3304 783 3376 Ἀφελεια
795 3302 944 3362 Nausicaae,
957 3300 993 3351 xi.
1006 3313 1065 3366 190.
1090 3295 1134 3348 xii.
1146 3307 1206 3364 195.

695 3374 852 3443 Supplicum
889 3369 1019 3439 AEschyli,
1050 3366 1112 3419 xvii.
1143 3378 1206 3434 295.

694 3444 765 3497 xxiii.
774 3443 835 3513 458.
855 3441 902 3494 Ius
915 3440 943 3492 in
954 3437 1119 3499 Prometheo,
1132 3435 1208 3488 xxiii.

659 3533 788 3654 Apbilim's
809 3581 843 3634 ad
866 3580 970 3633 Crisam
993 3578 1129 3647 appulsus,
1151 3575 1207 3629 xiv.

696 3671 755 3720 240.
781 3669 869 3705 coecus
887 3651 916 3702 in
933 3649 1041 3718 Trojam
1058 3646 1141 3706 favor,
1160 3662 1206 3696 xv.

696 3737 755 3792 247.
782 3723 810 3775 in
829 3721 952 3774 Orestem
969 3718 1052 3778 favor,
1072 3714 1136 3785 quid
1155 3714 1207 3767 sibi

695 3793 816 3853 voluerit,
835 3790 888 3843 xxi.
902 3806 963 3858 399.
996 3785 1085 3840 Oresti
1103 3800 1209 3852 semper

696 3864 777 3916 ferme
796 3860 893 3921 aderat,
912 3874 973 3926 403.
1001 3863 1092 3909 auctor
1109 3870 1207 3922 provo-

697 3932 807 3986 cationis
820 3931 886 4000 ejus,
899 3928 961 3982 xxii.
975 3943 1036 3993 424.
1058 3942 1111 3995 qua
1123 3923 1207 3992 signi·

696 4003 818 4056 ficatione
837 3999 928 4053 Furias
947 3996 1044 4066 abigat,
1058 3992 1119 4060 426.
1150 4010 1207 4045 ma·

693 4074 778 4144 jorem
851 4070 926 4130 oscit,
940 4084 1000 4136 431.
1026 4083 1074 4118 cur
1085 4063 1161 4144 ἁγνὸς
1178 4063 1207 4115 in

698 4141 817 4211 Supplici
837 4157 869 4192 us
886 4139 1040 4208 appelletur,
1058 4134 1130 4186 xxiii.
1145 4145 1209 4203 459.

698 4212 785 4265 curin
797 4209 931 4280 praecipuo
948 4207 1049 4259 honore
1065 4222 1080 4257 a
1093 4202 1208 4256 Pindaro

696 4280 834 4341 habeatur,
848 4278 918 4331 xxvi.
932 4290 993 4346 532.
1015 4276 1101 4328 malus
1113 4272 1209 4326 fortas·

698 4369 726 4404 se
738 4353 766 4403 in
780 4350 844 4403 Ione
863 4349 966 4417 genius,
979 4346 1050 4399 xxix.
1065 4343 1125 4413 609.
1151 4343 1209 4412 ejus

697 4422 789 4475 formae
808 4419 891 4488 origo,
911 4435 972 4470 xxx.
990 4414 1051 4469 616.
1081 4428 1210 4466 curcum
