2768 4876
170 353 362 396 rannxxrv.
387 332 510 395 tardari
524 354 599 408 cam,
616 331 827 396 molanum
840 332 991 395 dominam
1006 332 1131 394 animia.
1158 329 1221 396 467

171 524 243 592 quo
272 501 469 570 Dramatici
499 500 723 592 appellantur
747 501 783 582 ii,
808 524 956 591 quorum
986 501 1100 571 omnis
1127 524 1221 570 sum-

170 639 232 686 ma
258 618 408 685 vertitur
433 618 469 686 in
495 618 635 686 actione
662 618 814 707 quadam
842 626 879 685 et
910 616 1049 700 fabula3
1076 618 1149 686 sive
1175 615 1221 685 a·

171 729 329 812 δακτικοὶ,
360 733 421 821 qui
450 732 488 799 in
517 754 560 800 eo
592 741 783 811 versantur,
811 739 852 799 ut
883 732 968 800 artis
1001 730 1149 823 alicujus
1178 756 1219 801 ac

171 843 369 936 disciplinae
394 844 595 913 rudimenta
617 845 777 914 doceant.
830 844 965 915 Omnes
993 846 1113 916 Poetae
1134 870 1220 938 quo-

171 960 363 1028 dammodo
386 968 469 1028 sunt
492 957 628 1051 Lyrici:
655 982 778 1028 verum
804 958 937 1029 habent
963 961 1079 1029 caeteri
1106 964 1219 1053 operis

170 1075 322 1166 quisque
347 1076 400 1144 sui
424 1074 521 1166 leges
543 1075 723 1164 quasdam,
743 1076 983 1165 terminosque
1008 1078 1218 1159 servand0s;

169 1187 236 1258 hos
259 1187 348 1256 nihil
374 1197 483 1270 vetat,
506 1190 592 1278 quin
617 1188 728 1256 libere
753 1190 892 1270 abeant,
915 1213 1162 1282 quamcunque
1183 1195 1219 1261 in

169 1311 310 1394 partem
334 1303 425 1371 ferat
446 1302 529 1394 lyra,
548 1311 651 1371 vocet
676 1302 822 1382 indoles,
841 1305 953 1394 rapiat
971 1306 1022 1372 vis
1048 1328 1089 1373 ac
1114 1307 1220 1375 soler-

169 1418 222 1488 tia
239 1420 389 1510 poetica.
821 1495 824 1499 ,

220 1535 331 1627 Apud
357 1534 422 1603 hos
447 1535 564 1627 igitur,
589 1544 630 1603 ut
654 1536 826 1615 dicebam,
853 1534 1007 1626 LyricoS,
1031 1537 1108 1605 duae
1133 1559 1219 1626 prae·

169 1650 294 1717 sertim
322 1672 377 1719 res
403 1649 555 1729 obstant,
580 1650 767 1739 quominus
795 1647 898 1716 facile
926 1649 982 1729 sit,
1010 1648 1066 1717 vel
1091 1650 1134 1717 iis
1159 1650 1219 1739 qni

169 1765 309 1833 acutius
323 1765 455 1844 vident,
467 1764 664 1833 discernere
682 1773 718 1831 et
737 1763 929 1853 dijudicare
945 1763 1100 1854 singulos
1114 1764 1220 1855 scrip-

169 1890 277 1962 tores,
304 1888 342 1948 et
367 1901 512 1948 noscere
538 1902 609 1969 quo
635 1880 784 1969 quisque
807 1879 929 1947 ordine
955 1879 1001 1947 sit
1027 1877 1218 1947 habendus.

152 1993 331 2076 'Quarum
366 2016 483 2063 rerum
518 1993 631 2064 altera
671 1995 738 2063 sita
771 2001 826 2061 est
860 1994 897 2060 in
931 1994 1110 2062 communi
1144 2017 1219 2062 om-

168 2111 268 2178 nium
299 2108 412 2179 ferme
441 2108 623 2178 hominum
660 2107 788 2190 indole,
819 2107 930 2177 altera
959 2109 996 2176 in
1027 2108 1218 2177 Poetarum

169 2227 321 2317 propria.

215 2342 353 2424 Primo,
370 2343 449 2432 quis
475 2342 588 2424 nescit
611 2339 742 2410 mutari
765 2341 802 2408 in
823 2339 926 2409 horas
951 2340 1121 2419 homines,
1140 2339 1217 2408 illos

168 2457 362 2548 praesertim
391 2457 451 2547 qui
480 2456 727 2525 vehementius
754 2454 883 2524 affectu
913 2453 1032 2546 aliquo
1062 2454 1136 2544 rapi
1168 2455 1218 2522 vi-

168 2572 323 2641 dentur?
368 2571 449 2654 Quo
474 2572 515 2640 fit
542 2580 583 2639 ut
609 2571 734 2662 saepius
757 2568 934 2649 fallantur,
953 2569 1154 2660 quicunque
1172 2592 1217 2638 ex

167 2708 240 2754 uno
256 2685 375 2777 aliquo
393 2695 431 2755 et
447 2687 559 2755 altero
578 2685 732 2754 carmine
752 2684 927 2774 judicium
953 2684 1044 2752 ferre
1067 2684 1112 2751 de
1132 2706 1218 2773 quo-

167 2800 220 2868 vis
237 2801 408 2891 scriptore
424 2801 570 2869 audent.
624 2798 830 2869 Videndum
858 2806 943 2878 erat,
965 2820 1010 2866 ne
1035 2798 1104 2866 isto
1127 2805 1217 2865 tem-

166 2935 253 3003 pore
282 2913 449 3005 abreptus
475 2915 622 2982 fortasse
652 2912 761 2981 fuerit
788 2913 937 3002 scriptor
962 2908 1104 2978 insolito
1130 2931 1217 2998 quo-

167 3028 259 3110 dam,
277 3035 319 3097 ut
336 3029 387 3110 fit,
405 3037 506 3109 aestu,
524 3029 598 3097 sive
615 3029 675 3096 irae
691 3028 765 3097 sive
783 3027 953 3109 moeroris,
973 3026 1046 3095 sive
1067 3023 1216 3094 admira-

166 3144 284 3226 tioniS,
301 3146 375 3214 sive
392 3145 501 3215 etiam
522 3144 685 3212 desiderii
702 3142 861 3232 alicujus.
912 3142 1101 3210 Commoto
1120 3140 1215 3208 vide-

166 3258 251 3327 licet
264 3267 408 3350 pectore
422 3258 514 3350 (quis
526 3259 673 3348 uescitl)
692 3268 884 3348 emmpunt
901 3255 1095 3325 identidem
1109 3256 1215 3325 verba

165 3396 206 3443 ac
224 3396 329 3443 voces
351 3373 473 3443 alienae
499 3396 638 3465 prorsus
664 3395 685 3440 a
711 3371 827 3459 stabili
846 3395 886 3440 ac
904 3381 1073 3440 consueto
1091 3377 1214 3440 tenore

165 3490 374 3558 animorum.
424 3488 515 3571 Quae
541 3510 645 3557 voces
672 3489 738 3557 etsi
769 3488 813 3556 ad
845 3496 986 3578 tempus
1012 3487 1083 3556 sint
1108 3489 1214 3556 veris-

165 3606 271 3686 simae,
292 3605 525 3696 proximeque
548 3604 594 3672 ad
619 3625 823 3695 germanam
846 3603 975 3671 Poesin
1001 3602 1212 3693 pertineant,

164 3743 288 3789 vercor
299 3728 422 3789 tamen
434 3727 476 3787 ut
489 3719 533 3788 ab
547 3720 589 3788 iis
596 3719 697 3809 justo
711 3717 855 3786 modulo
868 3718 986 3788 metiri
1000 3717 1109 3808 possit
1120 3717 1213 3806 quis-

163 3835 258 3925 piam
276 3835 552 3925 uniuscujusque
569 3834 745 3925 propriam
763 3833 835 3901 vim
852 3841 959 3923 atque
977 3831 1143 3901 indolem.

212 3949 309 4032 Quid
337 3950 443 4029 enim,
470 3950 498 4018 si
528 3949 573 4018 de
599 3949 657 4017 die
684 3949 721 4015 in
748 3948 842 4015 diem
869 3946 1045 4026 vacillent,
1071 3944 1211 4037 alioque

162 4065 317 4157 migrent
334 4063 536 4156 voluptates
560 4063 769 4132 hominum?
796 4062 889 4153 quid,
916 4062 1024 4151 siquis
1050 4061 1210 4130 extiterit

163 4178 278 4249 coloni
302 4179 397 4248 illius
422 4178 554 4249 Scotici
581 4178 714 4259 similis,
738 4201 809 4268 quo
832 4201 937 4246 nemo
960 4176 1071 4245 ferme
1093 4186 1210 4267 pasto-

163 4294 251 4364 rales
268 4296 393 4364 modos
411 4295 506 4363 omni
520 4302 681 4383 tempore
694 4293 831 4362 felicius
849 4289 998 4360 cecinit?
1036 4289 1141 4359 Certe
1158 4291 1207 4358 nil

629 4427 656 4475 n
673 4406 698 4474 h
717 4412 739 4475 2
