2768 4876
238 300 303 362 518
435 298 546 361 Omnia
562 321 581 361 o
599 299 743 362 Pindaro
758 302 791 363 ιἰι
806 301 906 365 latios
920 302 1040 386 aooapi:
1090 324 1186 365 nanu.
1196 324 1274 363 xxvr

236 471 289 540 At
306 472 412 550 enirn,
430 474 620 563 respondet
636 473 818 555 Pindarus,

445 617 513 671 λάθα
524 617 553 670 δὲ
564 621 654 690 πότμῳ
666 620 716 674 σὺν
727 620 856 690 εὐδαίμονι
867 619 959 691 γένοιτ’
972 618 1012 684 δν,

446 704 532 759 ε’σλῶν
542 706 593 776 γάρ
606 706 655 759 ὑπὸ
667 705 804 778 χαρμάτων
815 709 887 776 πῆμα
899 706 1002 761 θνάσκει

443 790 600 861 παλίγκοτον
611 791 751 861 δαμασθέν,

444 878 506 933 όταν
518 879 578 932 θεοῦ
590 881 667 948 μοῖρα
678 877 765 948 πόρπη

443 968 531 1021 άνεκας
542 965 625 1030 όλβον
636 966 749 1036 ὑψηλόν.

232 1086 354 1181 Pergit
393 1090 520 1159 deinde
557 1090 713 1184 προνοῖαν
751 1112 827 1158 eam
868 1090 1085 1172 confirmare,
1122 1088 1278 1158 seeundo

232 1201 480 1296 Nympharum
511 1204 623 1286 exitu,
654 1203 789 1273 Cadmo
818 1213 1092 1297 prognatorum:
1127 1226 1276 1294 quarum

232 1328 351 1387 tamen
369 1321 482 1388 omnis
499 1318 649 1387 felicitas
666 1319 855 1410 posthuma
872 1319 965 1410 apud
984 1319 1143 1411 Elysium
1162 1328 1250 1390 erat.

282 1432 414 1504 Nescio
444 1441 563 1504 autem
588 1458 632 1504 an
660 1435 742 1504 huie
763 1435 1008 1526 exemplorum
1037 1436 1149 1505 ordini
1177 1443 1276 1505 reete

229 1547 316 1617 illud
336 1550 443 1618 etiam
464 1549 646 1629 ascribam,
664 1550 757 1640 quod
785 1550 845 1618 ubi
872 1557 1033 1619 narratur
1048 1549 1174 1618 infelix
1199 1547 1277 1617 Ne-

230 1665 399 1756 optolemi
417 1665 545 1747 exitus,
563 1664 656 1756 apud
674 1688 770 1734 aram
789 1665 954 1758 Delphici
972 1664 1151 1757 Apollinis
1168 1665 1277 1734 truoi-

229 1783 312 1864 dati,
329 1790 493 1873 properat
518 1783 680 1874 mitigare
697 1781 957 1872 quodammodo
974 1781 1164 1850 infaustam
1187 1803 1275 1861 rem,

229 1895 405 1989 Deosque,
436 1906 478 1966 ut
510 1898 562 1966 ita
592 1898 717 1979 dicam,
746 1919 905 1989 purgare.
958 1895 1116 1966 Excusat
1150 1897 1276 1989 utique

229 2011 337 2082 fatale
354 2013 556 2084 edietum⁶t

438 2149 509 2203 ἀλλὰ
520 2151 550 2203 τὸ
562 2152 690 2220 μόρσιμον
702 2149 838 2204 ἀπέδωκεν·
857 2149 935 2220 ε’χρὴν
947 2147 978 2202 δέ
988 2146 1034 2202 τιν’
1046 2148 1121 2202 ἔνδον
1132 2145 1210 2203 ἄλσει
1226 2168 1276 2200 πα·

473 2237 585 2308 λαιτάτῳ
957 2261 960 2267 ·

438 2322 559 2375 Αἰακιδᾶν
570 2325 695 2391 κρεόντων
706 2325 736 2377 τὸ
748 2324 841 2376 λοιπὸν
852 2322 956 2390 ἔμμεναι

439 2408 499 2461 θεοῦ
510 2406 569 2477 παρ’
582 2408 698 2480 εὐτειχέα
709 2408 797 2477 δόμον,
810 2403 914 2476 ἡρωΐαις
925 2408 954 2462 δὲ
965 2410 1079 2477 πομπαῖς

438 2494 595 2564 θεμίσκοπσν
607 2497 684 2550 οἶκιῖν
696 2496 770 2550 ἕοντα
780 2493 936 2551 πολυθύτοις

438 2584 566 2652 εὐώνυμον
577 2584 604 2638 ἒς
615 2584 695 2637 δίκαν·
714 2583 773 2654 τρία
785 2584 848 2636 ἔπεα
861 2582 998 2652 διαρκέσει·

438 2670 468 2724 οὐ
480 2671 574 2740 ψεῦδις
585 2673 600 2723 ὁ
611 2670 708 2740 μάρτυς
720 2669 846 2741 ἔργμασιν
858 2670 999 2723 ἐπιστατεῖ.

228 2792 383 2875 Poterat,
407 2794 531 2876 fateor,
553 2816 595 2862 ea
619 2793 771 2862 narratio
798 2792 990 2883 comparari
1016 2792 1061 2860 ad
1082 2787 1275 2884 AEginetas

226 2909 424 3000 placandos,
442 2933 487 2978 ne
505 2910 596 2978 forte
617 2909 822 2977 invidiosius
838 2908 970 2998 aliquid
988 2908 1119 2977 dixisse
1136 2908 1275 2978 videre·

227 3026 357 3095 turdo
385 3023 625 3116 Neoptolemo
654 3024 833 3116 Scriptor:
865 3025 926 3092 sed
956 3033 1077 3092 tamen
1106 3023 1273 3092 admirari

226 3140 334 3223 soleo,
350 3165 419 3232 quo
437 3141 582 3210 tandem
599 3149 703 3231 paeto
722 3141 858 3209 venerit
875 3141 1040 3230 cuiquam
1057 3139 1093 3207 in
1111 3149 1273 3209 mentem

226 3257 294 3326 ista
319 3257 415 3347 quasi
443 3257 635 3337 excusatio,
658 3256 725 3324 nisi
748 3256 808 3345 qui
834 3255 928 3324 ultro
955 3253 1078 3324 solitus
1104 3255 1150 3323 sit
1176 3255 1274 3323 exei-

226 3397 309 3465 pere
337 3374 454 3441 omnia
483 3373 517 3440 in
549 3371 732 3471 meliorem
766 3381 923 3462 partem3
960 3394 1005 3440 ne
1035 3369 1273 3440 afflictissimis

227 3489 369 3580 quidem
388 3488 491 3558 rebus
509 3488 553 3556 de
570 3488 692 3579 gradu,
711 3488 805 3577 quod
823 3487 932 3565 aiunt,
951 3486 1064 3576 dejici.

278 3602 484 3673 Videndum
502 3604 621 3685 etiam,
639 3625 684 3671 an
708 3602 835 3694 passim
860 3600 953 3691 apud
972 3599 1164 3667 Pindarum
1184 3602 1274 3668 emi-

227 3729 310 3790 oent
335 3722 433 3811 quasi
460 3718 619 3790 scintillae
645 3717 764 3787 hilaris
794 3725 902 3808 atque
930 3715 1001 3784 laeti
1029 3715 1182 3808 ingenii:
1213 3716 1273 3786 vel

228 3838 309 3927 quia
326 3836 391 3905 sub
409 3837 510 3905 initio
528 3834 722 3903 carminum
749 3833 840 3901 ludit
866 3831 1054 3912 interdum,
1074 3830 1274 3922 volitatque

228 3959 319 4027 eirea
335 3957 502 4047 plurimas
520 3978 583 4035 ree,

614 4091 680 4159 Apis
693 4089 805 4142 Matinae

646 4175 724 4228 More
736 4173 868 4244 modoque
875 4196 883 4235 ;

649 4336 747 4387 οΝωιι,
762 4348 785 4403 7.
800 4334 843 4402 65.
