2768 4876
167 301 233 369 644
312 305 380 369 Car
393 305 429 369 ia
442 325 476 368 ro
489 305 603 370 aarum
617 304 855 390 aeqaiarseroat
868 303 999 368 doncirraa
1026 324 1214 368 ranaxxxr.

169 486 207 551 et
236 478 482 550 commistione
511 479 720 549 animorum.
779 477 992 569 Quicunque
1017 475 1075 545 vel
1102 475 1217 568 aliqua

171 593 357 664 dulcedine
374 595 562 678 memoriae,
580 594 638 664 vel
654 602 793 688 naturae
804 595 903 686 quasi
915 594 1070 686 quodam
1087 591 1217 674 afflatu,

169 710 264 779 ultro
282 711 443 780 feruntur
459 711 496 780 iu
512 732 594 780 rura
610 717 718 802 atque
735 713 773 781 in
789 711 913 803 sylvas,
931 709 987 780 his
1003 731 1148 779 necesse
1166 716 1217 778 est

170 824 226 893 vel
244 824 320 917 ipsa
336 826 472 895 mentio
489 848 607 895 rerum
625 847 711 924 quas
736 832 857 896 amant
880 829 1129 894 commoveant
1146 822 1218 890 ani-

169 961 258 1022 moa,
280 940 379 1031 quasi
409 963 525 1011 coram
555 939 665 1011 oculis
692 947 940 1032 spectatarum.
994 937 1110 1007 Iidem
1134 959 1217 1006 mox

171 1054 350 1146 scriptoris
363 1055 504 1148 ingenio
518 1055 677 1125 tribuent
687 1056 834 1126 fortasse
845 1077 926 1126 eum
941 1053 1105 1133 calorem,
1111 1073 1217 1143 quem

170 1177 292 1241 tamen
316 1173 449 1264 pariter
465 1179 583 1242 essent
600 1171 813 1263 concepturi,
831 1191 972 1260 quoquo
995 1168 1087 1237 forto
1110 1166 1217 1235 modo

170 1309 288 1357 coram
306 1309 343 1357 se
360 1311 416 1358 res
432 1288 700 1358 adducerentur.
744 1286 803 1357 Ita
818 1286 892 1368 fiet,
906 1292 946 1354 ut
963 1306 1084 1354 amore
1100 1303 1219 1374 prose-

170 1411 299 1493 quatur
315 1403 529 1474 mediocrem
549 1424 689 1495 quoque
707 1400 856 1471 Poetam
877 1401 1033 1470 maxima
1054 1421 1135 1491 pars
1156 1397 1219 1467 ho-

169 1519 316 1601 minum,
333 1520 440 1589 modo
466 1520 598 1589 rustica
621 1517 751 1589 rustice
777 1521 928 1599 enarret,
949 1514 1124 1586 naturalia
1150 1514 1219 1582 sin·

169 1655 269 1718 cere;
290 1658 405 1726 neque
418 1634 521 1705 facile
535 1635 660 1718 ferent,
672 1657 819 1704 numero
833 1655 955 1703 eorum
966 1633 1027 1724 qui
1040 1631 1116 1701 nati
1135 1636 1218 1699 sunt

169 1747 284 1819 Vates
306 1749 416 1820 talem
438 1751 570 1822 eximi:
596 1751 658 1842 qui
681 1759 802 1820 tamen
820 1749 880 1818 vix
897 1748 966 1818 aiio
986 1748 1068 1839 jure
1091 1745 1218 1816 ascribi

167 1867 278 1956 possit
295 1866 413 1936 divino
430 1867 554 1949 ordini,
572 1866 660 1936 acsi
678 1864 883 1935 colonorum
907 1886 999 1933 unus
1016 1864 1063 1933 sit
1079 1861 1217 1953 aliquis,

168 1980 228 2072 qui
254 2003 331 2072 quae
365 1991 561 2066 narrentur,
590 1983 714 2052 eadem
748 2002 898 2073 praesens
933 1979 1050 2050 faciat.
1102 1978 1218 2050 Verbi

167 2099 301 2190 gratiaz
327 2101 421 2191 apud
438 2099 667 2169 Theocritum
684 2120 809 2168 canem
830 2119 933 2189 suurn
956 2097 1115 2188 increpat
1134 2094 1218 2166 Pas-

167 2221 224 2284 tor
251 2222 394 2307 propter
420 2215 711 2306 intempestivum
738 2235 912 2295 somnum,
943 2211 1048 2304 plane
1077 2234 1124 2281 ex
1151 2233 1217 2281 usu

169 2330 373 2422 quotidiano
390 2333 582 2425 agrestium
600 2333 753 2401 virorum
764 2327 792 2400 ¹¹.

307 2591 337 2642 οὐ
349 2589 400 2660 χρὴ
413 2589 551 2659 κοιμᾶσθαι
562 2589 663 2653 βαθέως
673 2589 724 2644 σὺν
734 2589 806 2643 παιδὶ
818 2589 933 2658 νέμοντα.

168 2735 255 2805 Non
285 2737 402 2827 potuit
432 2735 644 2827 simplicius:
676 2736 801 2805 eodem
826 2734 930 2826 plane
960 2757 1016 2804 res
1045 2736 1148 2818 redit,
1175 2758 1215 2805 ac

166 2851 273 2942 siquis
291 2853 415 2922 eadem
433 2852 540 2921 verba
559 2852 627 2921 dici
645 2852 776 2931 audiat,
795 2850 852 2920 vel
877 2851 913 2919 in
938 2850 1085 2921 stabulis
1102 2850 1160 2920 vel
1178 2852 1215 2919 in

166 2992 261 3061 agro.
315 2968 438 3059 Siquid
459 2969 567 3060 igitur
583 2967 692 3038 habet
716 2966 777 3036 ilie
794 2989 924 3048 versus,
945 2968 1038 3059 quod
1056 2969 1215 3037 animum

167 3092 388 3153 commoveat
406 3106 476 3174 quo
493 3106 591 3152 more
609 3082 700 3152 solet
719 3081 849 3163 Poesis‚
868 3082 961 3173 quod
987 3081 1096 3151 habet
1118 3090 1215 3152 certe

166 3195 326 3288 pluribus
344 3198 389 3267 de
410 3199 543 3280 causis;
571 3199 639 3266 erit
664 3199 700 3266 in
727 3196 844 3277 dubio,
865 3195 1029 3265 Poetious
1050 3195 1111 3265 ille
1138 3219 1216 3267 sen-

167 3335 225 3381 sus
248 3322 368 3381 utrum
391 3314 436 3383 ad
455 3312 671 3404 Scriptorem
689 3336 734 3382 an
751 3334 835 3381 vero
860 3314 904 3382 ad
930 3312 1110 3404 legentem
1137 3336 1215 3405 per·

167 3427 290 3497 tineat.
333 3426 458 3520 Atque
474 3428 542 3498 hoo
560 3428 766 3520 exemplum
783 3428 952 3499 latissime
969 3436 1089 3520 patet:
1109 3437 1215 3498 utne

165 3551 274 3634 neget
291 3542 416 3634 aliquis
434 3566 470 3613 se
488 3544 687 3637 intelligere
704 3547 954 3615 admoventem
975 3543 1034 3613 alii
1052 3545 1214 3615 stimulos

167 3658 330 3748 quibus
320 3674 395 3750 rpse
425 3668 563 3742 careat3
595 3684 684 3730 neve
711 3663 869 3744 miretur,
893 3662 1110 3730 imitatorem
1132 3661 1215 3731 Vir-

162 3771 290 3864 gilium
316 3775 458 3865 propius
481 3775 602 3845 abesse
619 3799 640 3845 a
657 3777 814 3846 fontibus
837 3801 908 3847 suae
925 3777 1089 3859 Poeseos,
1107 3799 1214 3868 quam

164 3888 330 3960 Theocrit
315 3898 404 3974 tum,
421 3891 559 3983 generis
577 3901 758 3962 auctorem
776 3902 813 3962 et
831 3894 1036 3985 prinoipem.

215 4003 290 4075 Vos
314 4015 446 4089 autern,
467 4005 710 4077 Academici
694 4031 853 4099 juvenes,
881 4032 951 4078 neu
953 4010 1090 4101 tiquam
1115 4008 1212 4107 eritis

524 4249 663 4303 hTheocr.
677 4250 754 4318 Idyll.
768 4252 794 4304 8.
808 4251 852 4316 65.
