2768 4876
165 309 232 373 sol
352 307 496 373 Pindari
510 307 547 372 da
561 308 655 373 Statu
668 317 851 373 νιοντνννιιιιι
864 330 964 375 mons:
1008 330 1105 377 rann.
1115 330 1214 377 xxvn.

165 487 289 550 tenere
321 479 431 571 possit
464 500 615 560 cursum,
643 479 752 548 etiam
785 480 958 551 immenso
990 489 1029 551 et
1058 481 1215 553 instabili

166 596 322 666 Oceano.
376 593 490 664 Erant
522 590 597 663 haec
631 594 746 664 inanis
779 594 968 666 verborum
1001 596 1150 681 sonitus,
1180 599 1215 668 ni

166 711 260 780 foret
287 732 351 801 per
376 717 534 779 sanctam
557 708 656 779 illam
681 710 726 779 de
752 732 890 781 summa
911 710 1064 782 Poeseos
1087 710 1215 783 doctri-

164 847 355 916 numqua
373 823 485 893 veluti
503 847 594 894 vena
611 824 770 916 quaedam
794 825 903 894 tacita
926 848 991 917 per
1011 829 1214 898 universum

164 946 286 1010 manat
320 961 472 1009 carmen.
529 938 590 1008 Ne
618 937 754 1008 multa:
793 938 936 1009 Pindari
964 940 1114 1032 jndicio,
1144 963 1214 1010 non

164 1054 258 1125 levia
290 1076 408 1146 neque
440 1053 576 1125 ludicra
609 1054 753 1146 praemia
786 1055 965 1146 petebant,
996 1064 1084 1146 quot
1114 1064 1214 1126 erant

165 1168 352 1241 Musarum
382 1169 535 1241 alumni:
566 1170 677 1238 immo
693 1192 842 1261 pensum
867 1193 889 1240 a
910 1169 988 1240 Diis
1006 1171 1215 1241 immortali-

164 1285 231 1356 bus
249 1286 372 1356 datum
391 1284 686 1376 exsequebantur.

215 1401 326 1471 Porro
344 1422 387 1470 ea
409 1399 479 1469 fuit
496 1400 571 1491 ejus
592 1399 638 1469 de
657 1399 763 1470 rebus
780 1399 907 1470 divinis
929 1396 1214 1493 sententiaque

164 1524 283 1587 metus
314 1537 438 1586 omnes
468 1522 719 1607 compesceret,
746 1513 949 1585 libertatem
982 1523 1025 1585 ut
1057 1517 1214 1587 maxime

165 1629 451 1710 commendarem
485 1628 624 1720 partim,
650 1626 733 1717 quia
757 1626 908 1696 firmiter
932 1627 1111 1708 credebat,
1137 1648 1214 1698 esse

165 1744 300 1836 aliquos
321 1742 462 1826 Manes,
480 1751 518 1811 et
543 1741 637 1833 apud
662 1762 723 1810 eos
745 1742 892 1833 praemia
911 1741 1024 1823 bonis,
1042 1741 1215 1834 supplicia

164 1858 334 1926 reservari
351 1856 553 1949 flagitiosis3
578 1857 708 1947 partim
726 1857 810 1947 quia
826 1856 974 1927 volitare
996 1859 1216 1950 putabantur

165 1968 224 2038 vel
248 1970 341 2040 circa
366 1978 506 2039 terrena
531 1968 607 2038 haec
636 1969 715 2040 loca
741 1969 902 2040 defuncti
929 1968 1076 2051 Heroas,
1103 1972 1215 2040 immo

165 2084 275 2153 etiam
292 2083 470 2176 Olympici
489 2083 570 2167 Dii3
596 2107 642 2153 ne
663 2083 755 2154 forte
781 2085 977 2154 somniatur
996 2083 1133 2175 aliquis,
1153 2086 1215 2154 de.

166 2219 242 2268 esse
267 2198 333 2267 sibi
358 2197 432 2267 ullo
457 2205 618 2290 tempore
643 2206 754 2269 testes
779 2198 836 2268 vel
864 2199 956 2268 bene
980 2197 1038 2266 vel
1068 2199 1215 2292 indigne

168 2320 339 2384 actorum.

215 2427 273 2498 Ac
290 2429 405 2520 primo
423 2430 467 2499 de
485 2427 613 2499 Inferis
631 2451 707 2521 quae
724 2429 831 2499 fuerit
850 2428 994 2499 Pindari
1020 2449 1136 2510 mens,
1153 2429 1218 2497 dm

166 2552 271 2615 ceant
302 2542 439 2613 nobiles
468 2543 521 2613 illi
551 2566 681 2625 versus,
712 2545 794 2636 igne
824 2544 1085 2614 ferme'divino
1115 2544 1216 2625 tacti,

168 2658 296 2750 quibus
321 2657 474 2727 Theroni
501 2665 580 2726 tum
613 2659 759 2728 adversa
792 2657 1002 2740 consolatur,
1030 2666 1109 2727 tum
1136 2679 1219 2749 prm

169 2795 271 2864 spera
286 2773 498 2866 gravissimis
516 2772 659 2842 monitis
676 2779 874 2864 temperare
891 2795 962 2840 non
979 2771 1149 2844 dubitati.

342 2946 383 3002 ὅτι
395 2947 523 3001 θανόντων
534 2946 581 3016 μὲν
591 2946 671 2999 αὔτικ’
684 2945 830 3016 ἀπάλαμνοι
842 2946 935 3016 φρενέι

341 3034 432 3090 ποινὰς
443 3035 541 3096 ἔτισαν,
553 3031 608 3086 τάδ’
622 3032 649 3087 ἒν
661 3033 722 3101 τᾷδε
735 3034 796 3088 Διὸς
807 3032 876 3103 ἀρχᾷ

342 3118 436 3189 ἀλιτρά
449 3120 512 3173 κατὰ
523 3122 571 3189 'yde
583 3119 677 3185 δικάζει
688 3141 735 3182 τις,
749 3118 830 3188 ἐχθρᾷ

342 3207 424 3276 λόγον
435 3206 552 3276 φράσαις
563 3205 668 3276 ἀνάγκᾳ.

168 3359 375 3433 Videndum
402 3384 448 3430 an
474 3362 667 3453 pmdenter
691 3359 751 3428 hio
778 3358 917 3428 auxerit
939 3356 1052 3426 Poeta
1077 3379 1215 3427 sacrum

167 3473 269 3544 illum
285 3474 421 3544 Tartari
444 3474 635 3556 horrorem,
653 3476 747 3566 quod
768 3497 850 3556 non,
868 3481 908 3542 ut
925 3472 1078 3564 plurimi,
1096 3473 1217 3565 singu-

168 3588 284 3658 lorum
315 3589 474 3682 depingit
508 3611 638 3681 poenas,
670 3589 732 3659 sed
765 3589 964 3657 universam
998 3588 1105 3656 modo
1140 3610 1216 3657 rem

168 3704 316 3774 obscure
339 3705 536 3787 adumbrat,
557 3712 656 3774 tactu
683 3704 809 3774 timido
835 3727 877 3773 ac
904 3702 1026 3796 (prope
1049 3703 1215 3794 dixerim)

168 3818 342 3913 religioso
381 3815 516 3915 Δικάζει
533 3820 731 3910 'rro‚inquit,
743 3815 828 3888 κατὰ
847 3818 1024 3911 γεῖς’...τοὶ
1043 3815 1070 3886 d'
1086 3816 1217 3914 ἀπροσ-

169 3930 293 4030 ορατάν
320 3933 472 4029 ὀκχέοντι
498 3931 608 4002 πόνον.
670 3933 803 4003 Contra
829 3934 873 4002 de
902 3933 1088 4002 beatorum
1119 3939 1215 4003 sorte

169 4048 221 4119 ita
240 4049 351 4120 fermo
367 4047 533 4140 loquitur,
552 4047 649 4140 quasi
673 4069 749 4116 rem
767 4045 877 4117 oculis
894 4047 1031 4116 viderit.
1084 4045 1215 4127 Primo,

600 4309 606 4341 ¹
628 4309 669 4364 Ol.
684 4325 709 4366 2.
725 4324 783 4380 105.
