2768 4876
233 352 293 409 820
447 352 635 408 MONITUM
655 352 707 405 DE
726 351 855 406 PERSIS
874 351 1061 407 AESCHYLI.

232 516 287 560 tarn
299 502 409 556 feliciter
421 507 517 569 gestas,
531 496 599 549 virili
618 497 706 548 animo
724 497 895 558 exultantem,
908 503 934 548 et
950 495 1051 548 civibus
1069 496 1125 548 suis
1142 496 1278 565 gratulan-

232 599 295 652 tem,
307 589 376 642 hanc
388 586 504 639 fabulam
518 583 593 654 quasi
606 584 700 636 παιᾶνα
713 583 807 651 σεμνὸν
820 581 973 650 scripsisse?
1000 581 1108 644 Parum,
1121 599 1164 633 me
1178 580 1278 651 judice,

232 692 248 726 a
265 675 310 727 tali
328 672 463 743 proposito
485 669 647 730 abhorreret,
668 669 690 720 si
711 675 788 736 poeta
808 667 980 736 impotentem
1000 668 1072 720 illam
1090 676 1116 720 et
1134 668 1278 736 gloriosam

231 760 404 813 barbarorum
418 755 543 816 indolem,
556 754 761 823 innumerasque
775 753 968 816 multitudines,
981 763 1007 806 et
1018 755 1112 806 luxum
1126 762 1152 805 et
1164 753 1278 816 divitias,

232 844 374 914 spectaculi
393 842 420 894 in
439 839 550 894 modum
568 838 694 892 inducere
711 848 737 891 et
754 839 862 892 irridere
880 841 1001 901 voluerit,
1016 840 1080 893 dum
1099 841 1236 901 Atossam,
1253 848 1279 892 et

232 932 354 991 Darium,
368 937 393 982 et
409 927 492 997 siquis
509 926 576 978 alius
593 926 661 978 inter
674 926 804 978 Asiaticos
821 926 925 979 virtutis
945 926 1077 995 specimen
1096 925 1216 987 ediderit,
1230 926 1278 979 bo·

231 1017 346 1078 noritice,
361 1016 403 1081 (ut
415 1011 536 1083 generosi
548 1011 661 1065 victores
676 1012 781 1082 solent)
801 1021 827 1066 et
844 1030 899 1065 non
918 1013 973 1065 sine
991 1014 1150 1066 verecundia
1167 1022 1280 1067 tractare

231 1103 356 1172 dignatus
375 1101 417 1153 sit.
455 1099 519 1152 Non
538 1098 652 1151 absimili
668 1099 779 1152 fortasse
791 1099 887 1153 affectu
899 1099 980 1152 animi
993 1098 1191 1168 triumphorum
1202 1117 1279 1167 pom-

231 1207 278 1258 pas
294 1189 464 1256 imperatores
478 1185 592 1238 Romani
605 1183 700 1237 ducere
716 1184 851 1248 solebant;
871 1186 988 1254 captivos
1000 1203 1074 1255 reges
1091 1185 1278 1256 subjectosque

231 1276 344 1344 populos
363 1271 413 1325 sub
428 1273 527 1342 jugum
545 1271 688 1343 mittentes,
707 1279 828 1324 caventes
846 1281 943 1334 autem,
962 1289 1004 1337 ne,
1022 1271 1146 1325 hostibus
1165 1272 1278 1324 nimium

231 1358 409 1420 detrectando,
422 1375 512 1410 rerum
523 1375 540 1410 a
552 1375 579 1409 se
591 1366 727 1426 gestarum
739 1357 849 1427 gloriam
862 1357 1057 1410 imminuerent.

265 1453 284 1477 “
293 1446 459 1499 Mentionem
469 1443 638 1515 quorundam
650 1443 679 1497 in
689 1444 777 1496 Persis
788 1445 907 1519 locorum
920 1444 1013 1506 fecisti,
1024 1461 1083 1514 quae
1095 1445 1124 1497 in
1136 1443 1206 1496 hanc
1219 1462 1278 1513 par·

230 1541 283 1586 tem
300 1550 316 1585 α
332 1531 428 1585 criticis
441 1549 495 1584 non
508 1531 571 1584 satis
586 1531 657 1584 bona
675 1548 737 1583 cum
750 1547 830 1583 causa
845 1529 959 1584 adducta
971 1531 1019 1584 tibi
1031 1548 1088 1583 esse
1100 1517 1226 1584 videntur
1235 1551 1277 1582 :—

230 1617 379 1688 dequibus
401 1616 524 1687 equidem
544 1635 600 1669 non
623 1616 746 1669 defutura
763 1615 974 1678 existimaverim,
992 1634 1051 1686 quae
1070 1617 1153 1669 critici
1171 1634 1276 1669 mecum

230 1704 373 1757 sentientes
385 1703 434 1756 tibi
446 1702 606 1772 respondere
618 1711 736 1773 possent.
774 1703 828 1756 Sed
840 1702 897 1756 baec
909 1703 976 1756 nihil
988 1720 1085 1766 moror,
1096 1700 1180 1773 quum
1194 1705 1278 1756 multa

230 1787 283 1839 sint
300 1795 425 1856 praeterea
443 1805 489 1856 per
504 1795 588 1840 totam
604 1787 724 1840 fabulam
742 1787 853 1856 sparsim
871 1788 1044 1849 occurrentia,
1057 1787 1130 1840 unde
1146 1788 1233 1856 magis
1245 1789 1277 1840 li·

229 1871 322 1926 benter
333 1881 490 1942 argumenta
501 1873 666 1942 protulerim.
705 1873 768 1930 Quo
779 1873 888 1926 tandem
900 1873 1010 1926 consilio
1019 1872 1181 1942 AEschylum
1193 1873 1276 1925 admi·

230 1960 295 2012 sisse
312 1959 475 2012 credendum
491 1969 540 2022 est,
553 1968 584 2013 ut
602 1962 631 2012 in
647 1960 814 2026 sermonibus
827 1960 996 2029 quantumvis
1013 1958 1197 2029 grandiloquis
1214 1959 1276 2011 Per-

226 2050 320 2115 'sarum
338 2045 438 2098 inesset
455 2054 510 2099 tarn
530 2063 600 2115 saepe
617 2046 771 2114 importuna
790 2045 914 2116 quaedam
931 2045 1063 2108 mollities,
1081 2063 1276 2116 nonnunquam

227 2129 301 2183 haud
313 2130 428 2183 obscura
439 2141 608 2200 contemptus
621 2130 796 2201 significatio?
821 2130 980 2201 Cujusmodi
993 2138 1056 2183 sunt
1067 2130 1134 2182 ista:

334 2233 574 2304 ἁβροδιαίτων
595 2233 617 2287 δ
635 2233 721 2288 ἕπεται
740 2235 829 2288 Λυδῶν

334 2319 526 2389 ὄχλος
766 2331 769 2337 ”
826 2320 932 2390 (ml.)

662 2465 685 2478 ..
704 2423 864 2488 Βαβυλῶνδ

334 2511 349 2578 ἡ
367 2509 536 2581 πολύχρυσος
556 2512 759 2581 πάμμικτον
779 2510 888 2581 ὄχλον

333 2596 427 2666 πέμπει
449 2595 580 2667 σύρδην
890 2597 992 2667 (v.52.)

335 2701 438 2768 δόκιμος
457 2700 478 2752 δ’
498 2704 566 2755 οὔτις
584 2701 700 2756 ὑποστὰς
717 2702 840 2774 μεγάλῳ
858 2700 987 2771 ῥεύματι
1006 2705 1123 2771 φωτῶν.
1147 2704 1186 2773 (v.
1200 2704 1255 2773 87.)

229 2804 296 2862 Quis
308 2821 363 2855 non
376 2803 418 2856 hic
431 2803 635 2862 Atheniensium
653 2803 703 2856 sub
718 2803 822 2856 Persica
838 2821 950 2872 persona
964 2805 1071 2873 linguas
1088 2815 1177 2873 potest
1193 2825 1272 2876 agno-

229 2893 318 2941 scere?
343 2889 405 2941 Non
419 2898 482 2941 sunt
494 2889 535 2941 bae
548 2891 659 2958 loquelae
673 2889 861 2942 venerabilium
875 2908 977 2952 senum,
988 2891 1110 2945 absentes
1125 2911 1189 2945 suos
1203 2911 1272 2945 exer-

229 2974 296 3027 citus
310 2975 388 3028 bonis
402 2974 535 3027 ominibus
552 2984 577 3027 et
595 2993 640 3042 spe
655 2975 736 3027 felicis
752 2985 861 3029 eventus
874 2978 1091 3047 prosequentium
1099 2999 1107 3040 ;
1128 2978 1174 3030 sed
1188 2979 1273 3031 illudit

228 3063 305 3128 plane
321 3070 397 3129 poeta
413 3062 441 3113 in
453 3060 627 3113 barbarorum
639 3061 782 3114 hominurn
797 3064 944 3125 colluviem,
958 3074 1049 3116 contra
1062 3082 1129 3133 quos
1148 3083 1203 3117 una
1222 3065 1272 3117 for-

228 3147 295 3199 tium
311 3147 426 3198 virorum
444 3147 534 3200 civitas
550 3147 698 3199 libertatem
714 3147 824 3200 Graeciae
841 3148 1033 3202 vindicavisset.
1073 3150 1167 3206 Quum
1186 3161 1272 3203 autem

228 3232 261 3284 ad
275 3250 316 3285 res
332 3242 419 3301 gestas
432 3251 478 3300 per
491 3233 625 3285 Nuntium
639 3234 797 3286 enarrandas
810 3244 919 3287 ventum
937 3245 985 3297 est,
998 3236 1205 3289 Atheniensium
1218 3255 1273 3290 esse

228 3319 325 3380 omnia,
338 3318 426 3379 verba,
446 3336 549 3381 sensus,
567 3319 684 3387 spiritua,
702 3321 852 3372 animorum
870 3331 967 3383 motus,
987 3339 1065 3374 nemo
1084 3331 1139 3375 tam
1158 3324 1271 3376 rusticus

228 3411 267 3454 est
289 3403 334 3472 qui
356 3421 410 3454 non
432 3403 511 3454 videt.
551 3404 591 3455 Fit
612 3421 687 3472 paene
712 3405 787 3467 illud,
810 3407 882 3476 quod
904 3408 975 3476 apud
996 3408 1112 3460 comicos
1135 3409 1271 3463 Parabasis

228 3497 345 3541 vocatur.

333 3591 388 3645 ε’πεί
399 3614 429 3661 γε
441 3590 528 3658 μέντοι
540 3594 704 3649 λευκόπωλος
715 3593 795 3663 ἡμέρα

331 3680 419 3731 πᾶσαν
431 3678 541 3747 κάτεσχε
553 3681 628 3747 γαῖαν
641 3680 770 3750 εὐφεγγὴς
782 3682 853 3744 ἰδεῖν,

332 3768 434 3833 πρῶτον
445 3764 491 3830 μὲν
503 3761 562 3833 ηχοῖ
573 3763 682 3819 κέλαδος
692 3764 824 3833 Ἑλλήνων
835 3768 904 3837 πάρα

331 3849 464 3916 μολπηδὸν
476 3847 634 3918 εύφὴμησεν,
647 3848 735 3920 ὄρθιον
747 3851 769 3904 δ’
782 3854 834 3920 ἅμα

331 3935 491 4003 ἀντηλάλαξε
504 3937 652 4002 νησιώτιδος
663 3938 760 4007 πέτρας

331 4019 394 4090 ἠχώ·
414 4023 499 4091 φόβος
512 4022 540 4074 δὲ
551 4025 616 4076 πᾶσι
626 4026 772 4093 βαρβάροις
782 4029 866 4094 παρῆν

332 4109 433 4176 γνώμης
445 4107 648 4178 ἀποσφαλεῖσιν·
668 4109 698 4160 οὗ
710 4110 761 4180 γὰρ
774 4112 808 4166 ὡς
820 4114 891 4183 φυγῇ

330 4193 413 4246 παιᾶν’
427 4193 557 4263 ἐφύμνουν
570 4197 664 4262 σεμνὸν
672 4193 799 4264 Ἕλληνες
810 4201 877 4261 τότε,

331 4280 390 4331 ἄλλ’
405 4281 430 4334 ἐς
441 4283 526 4350 μάχην
538 4284 664 4351 ὁρμῶντες
675 4282 786 4356 εὐψύχῳ
799 4285 899 4351 θράσει.
920 4308 943 4338 κ.
952 4310 975 4340 τ.
984 4291 1010 4340 λ.
1034 4289 1119 4357 (Pers.
1129 4291 1204 4360 386.)
