2768 4876
175 341 361 383 ranuxxrx.
399 323 503 385 donem
517 332 545 386 et
557 322 696 386 Βασσὶιω
709 322 755 386 ed
766 323 902 388 Aratea
914 326 1076 409 pentem.
1154 324 1219 395 609

173 491 277 593 laetus
287 492 484 584 lubensque
496 490 659 585 religioso
673 495 769 584 operi
781 515 791 575 3
813 492 928 563 lauros
940 503 1041 585 parat
1051 496 1090 563 iu
1104 503 1215 578 serta;

171 615 280 677 terret
307 610 429 678 sonitu
455 609 673 700 importunas
696 631 803 691 aves;
838 611 946 679 verrit
974 611 1216 702 pavimentum

170 721 329 805 delubri;
353 744 463 814 aquas
479 724 634 815 spargit;
661 722 792 793 Paeaua
813 725 929 807 eanit;
955 733 1031 794 turn
1052 725 1108 793 his
1127 724 1217 793 adeo

170 837 368 907 delectatur
388 837 520 919 effioiis,
538 846 580 907 ut
602 849 711 931 neget
736 860 774 908 se
800 847 938 908 mutare
958 862 1001 909 ea
1022 837 1216 911 vellerum

168 952 273 1045 regiis
289 952 428 1044 opibus,
446 959 484 1022 et
501 952 696 1022 lautissima
712 951 938 1023 Athenarum
955 955 1042 1024 urbe
1054 963 1092 1036 ¹¹;

347 1118 462 1189 κρείσσω
475 1119 566 1187 νομίζω
578 1116 681 1173 rdvdud'
693 1117 709 1186 ἢ
721 1116 800 1182 vdua,
813 1118 902 1189 πάτερ.

219 1266 385 1358 Denique
402 1268 439 1335 in
457 1267 607 1337 Bacchis
624 1268 660 1336 id
678 1291 784 1360 agere
801 1268 942 1337 videtur
960 1268 1156 1360 Euripides,
1175 1278 1217 1338 ut

170 1382 396 1451 commendet
420 1405 586 1451 areanum
610 1381 708 1465 illud,
735 1384 836 1474 eujus
860 1391 969 1452 tantae
995 1393 1077 1452 suut
1099 1392 1216 1476 partes

169 1497 206 1565 in
230 1497 329 1566 omni
354 1519 392 1565 re
421 1496 558 1580 divina3
587 1496 676 1566 nihil
706 1498 742 1566 in
769 1497 997 1590 religionibus
1026 1499 1107 1569 ideo
1134 1523 1217 1569 eeu-

169 1611 401 1682 temnendum
426 1611 563 1695 doceat,
584 1614 678 1703 qnod
704 1612 840 1682 soilieet
865 1613 1045 1683 obscurior
1070 1616 1116 1683 sit
1141 1616 1216 1706 ejus

169 1727 268 1807 ratio,
286 1749 402 1817 neque
420 1726 522 1796 facile
538 1749 577 1796 se
595 1727 720 1819 prebet
737 1728 899 1797 humanis
916 1728 1012 1798 hisee
1030 1729 1200 1798 sensibus.

218 1839 276 1910 Ao
295 1839 424 1910 vellem
443 1840 620 1930 equidem,
646 1847 687 1909 ut
712 1840 750 1908 in
772 1838 979 1933 Hippolyte,
997 1843 1047 1911 sie
1073 1843 1109 1910 iu
1128 1842 1216 1912 Ione

169 1963 206 2025 et
233 1954 395 2036 Bacchis
424 1954 547 2024 lieeret
577 1977 641 2046 per
669 1967 810 2046 tempus
840 1956 916 2026 baeo
945 1958 1064 2026 emnia
1090 1957 1216 2027 dooere

168 2071 351 2164 exemplis.
410 2070 518 2140 Nune
536 2072 620 2140 satis
638 2070 811 2140 habebam
829 2070 939 2140 semel
962 2072 1058 2141 dieta
1078 2073 1216 2142 tradere

167 2209 208 2257 ao
226 2186 602 2267 commendaremus,
620 2194 660 2256 ut
678 2194 771 2257 esset
792 2188 887 2257 uude
908 2188 1104 2279 perieulum
1124 2189 1216 2257 faee-

167 2311 222 2372 ret
253 2300 380 2393 aliquis
409 2303 579 2372 universae
613 2301 718 2393 hujus
748 2302 793 2372 de
822 2302 990 2394 Euripide
1020 2304 1213 2373 sententiae.

167 2416 258 2501 Quae
275 2419 304 2486 si
321 2439 392 2486 nen
415 2439 555 2509 prorsus
580 2416 681 2486 nihili
707 2439 784 2487 esse
801 2417 988 2498 videbitur,
1006 2417 1100 2487 illius
1117 2428 1214 2487 certe

169 2531 282 2603 Poeta
307 2533 463 2602 oriminis
484 2532 701 2615 absolvetur,
728 2556 798 2624 quo
823 2534 1027 2625 gravissimo
1054 2533 1214 2603 dicebam

166 2669 247 2716 eum
262 2649 483 2738 quorundam
494 2647 630 2737 judicie
649 2646 816 2716 laborare
857 2645 943 2715 Non
961 2669 1040 2716 reus
1058 2648 1125 2716 erit
1142 2645 1214 2715 laesi

167 2764 331 2832 numinis.
383 2760 629 2855 Intelligemus
651 2762 765 2855 plane,
788 2763 918 2855 siquid
945 2762 1088 2831 liberius
1114 2764 1150 2830 in
1173 2785 1215 2831 ea

168 2877 317 2947 materia
348 2878 478 2947 dixisse
511 2878 698 2968 aliquande
733 2877 903 2957 videatur,
933 2876 970 2945 id
1006 2878 1133 2969 partim
1168 2899 1213 2947 ex

166 3015 315 3084 persona
338 2994 487 3084 quadarn
515 2994 594 3073 diei,
621 2993 759 3084 partim,
787 2992 971 3063 Platonico
997 2992 1108 3061 ferme
1130 2994 1213 3074 ritu,

167 3108 210 3176 de
236 3108 355 3199 impiis
378 3108 473 3202 vulgi
500 3110 720 3179 commentis.
773 3108 924 3179 Fabulae
950 3130 1032 3178 sane
1058 3110 1142 3177 istas
1169 3110 1213 3176 de

167 3223 260 3314 turpi
280 3222 440 3292 Deorum
465 3223 622 3304 libidine,
644 3225 688 3292 de
714 3247 810 3294 ooeoe
836 3225 872 3291 in
898 3223 1058 3292 homines
1084 3223 1212 3305 furore,

166 3338 210 3407 de
232 3337 368 3408 aemulis
392 3339 486 3407 inter
508 3362 545 3408 se
566 3339 664 3420 odiis,
689 3341 740 3408 ita
761 3361 852 3431 saepe
875 3339 1091 3433 perstringit,
1115 3340 1211 3429 quasi

166 3475 207 3522 ea
234 3476 304 3521 non
331 3461 404 3523 tam
432 3453 517 3545 fingi
541 3462 655 3544 putet,
672 3476 779 3544 quam
808 3476 846 3522 re
871 3451 1058 3542 aliquande
1086 3475 1127 3521 ae
1153 3475 1212 3520 ve·

166 3568 272 3638 ritate
298 3592 319 3638 a
344 3569 485 3638 nefariis
506 3568 715 3658 quibusdam
740 3569 852 3660 geniis
878 3568 1017 3658 patrari.
1073 3567 1124 3638 Ea
1151 3591 1212 3658 po·

165 3681 352 3764 tissimum,
376 3681 413 3749 ni
439 3682 552 3764 fallor,
580 3691 634 3751 est
663 3683 753 3752 ratio
780 3692 858 3752 tum
880 3680 1032 3752 Veneris
1057 3680 1093 3749 iu
1122 3679 1212 3772 Hip-

165 3795 297 3888 pelyte,
316 3804 394 3867 tum
412 3797 558 3867 fortasse
576 3796 752 3889 Apollinis
766 3797 806 3865 in
825 3796 921 3865 lene

219 3910 280 3981 Ad
316 3934 489 3982 summam
524 3913 653 4004 itaque,
681 3913 903 3983 adscribetur
933 3910 1119 4002 Euripides
1153 3934 1212 3980 ee-

164 4049 242 4097 rum
260 4027 453 4101 Poetarum
479 4027 637 4109 coneilio,
655 4029 715 4118 qui
742 4049 787 4095 ex
815 4027 954 4118 proprio
978 4026 1075 4117 quasi
1101 4026 1209 4110 fonte,
