2768 4876
164 335 229 405 692
351 331 488 399 Leontii
500 334 649 419 procilos,
664 335 826 398 amantium
840 328 961 398 εὸηιὶὗὶε.
995 353 1211 397 aaranxxxrv.

165 507 411 598 significatae
438 509 496 575 vix
526 505 664 598 placide
691 505 856 586 latumm‚
884 506 993 597 siquis
1022 506 1061 574 in
1088 515 1213 577 suaet

164 622 321 715 magistri
339 623 393 691 sui
411 622 518 692 verba
528 622 688 713 juratum
706 643 744 690 se
761 620 925 690 addicere
942 618 1131 691 recusabit.

215 735 423 808 Videndum
450 759 495 806 an
520 736 591 806 huc
620 736 711 805 forte
739 736 925 827 pertineat,
949 736 986 804 id
1009 736 1106 827 quod
1133 743 1215 804 ante

160 856 237 945 jam
263 855 364 924 nobis
391 852 563 936 occurrit;
589 852 676 922 nihil
695 875 765 921 uon
786 854 875 921 serio
893 861 1001 943 atque
1018 870 1065 922 ex
1086 853 1216 937 animo,

165 980 206 1040 ut
232 972 291 1062 qui
317 970 484 1052 maxime,
506 991 612 1061 agere
634 968 865 1050 Lucretium3
891 961 1113 1060 disciplinam
1142 970 1218 1060 ejus

164 1086 244 1156 lusu
269 1083 330 1154 illo
358 1085 485 1167 faceto,
512 1106 663 1174 vereque
685 1081 884 1175 Virgiliano
916 1084 1059 1175 penitus
1087 1104 1218 1152 carere.

168 1202 344 1292 Expectes
369 1201 463 1292 apud
484 1223 577 1280 enm,
595 1199 652 1269 vel
669 1200 706 1268 in
724 1222 762 1268 re
780 1222 919 1291 quaque
937 1200 1127 1280 levissima,
1147 1207 1219 1267 tor·

166 1337 246 1386 vam
262 1316 504 1406 nescioquam
526 1314 708 1383 oculorum
733 1315 929 1407 frontisque
953 1315 1218 1396 constantiam3

165 1432 224 1522 qui
243 1429 362 1500 vultus
381 1439 422 1499 ut
439 1431 533 1499 inter
552 1429 685 1520 peritos
702 1429 996 1521 significationem
1017 1428 1130 1498 habet
1148 1450 1220 1497 non

165 1546 281 1617 levem
309 1553 496 1615 commotae
523 1545 663 1626 mentis,
689 1545 750 1626 ita,
779 1545 874 1635 quod
901 1545 1076 1615 scribendi
1105 1566 1220 1637 genus

166 1661 329 1754 congruit
355 1662 548 1752 prasertim
570 1682 652 1729 eum
678 1659 876 1729 istiusmodi
902 1667 1060 1752 aspectu,
1085 1659 1221 1728 fastuo—

166 1799 245 1847 sum
274 1776 375 1857 illud,
401 1799 443 1846 ac
466 1775 583 1868 (paene
606 1775 736 1867 dicam)
760 1775 993 1867 tyrannicum,
1019 1797 1092 1844 non
1124 1773 1219 1844 male

167 1893 314 1962 fortasse
330 1892 503 1961 referetur
518 1891 563 1960 ad
579 1890 721 1960 insaniae
739 1898 850 1960 notas.

211 2007 303 2076 Cum
321 2014 442 2076 autem
459 2007 635 2098 pertineat
652 2005 727 2075 haec
745 2029 800 2076 res
817 2008 861 2076 ad
880 2007 1033 2076 universi
1051 2007 1219 2076 carminis

169 2123 334 2204 colorem,
358 2122 485 2191 videtis
511 2144 583 2191 non
612 2144 691 2192 eam
719 2144 806 2203 esse,
833 2144 910 2213 quae
936 2122 1124 2191 commode
1157 2143 1220 2213 per

166 2239 331 2330 exempla
347 2238 584 2308 confimretur.
637 2236 764 2306 Paucis
781 2246 902 2306 tamen
923 2236 1011 2307 libet
1030 2239 1219 2308 ostendere

167 2352 333 2435 versibus,
361 2374 431 2443 qua
458 2351 656 2444 arrogantia
689 2351 824 2442 rejiciat
852 2350 1040 2420 Lucretius
1067 2350 1218 2421 aliorum

166 2477 377 2551 commenta,
396 2468 467 2536 suis
484 2467 631 2536 fortasse
648 2465 883 2557 probabiliora
892 2460 920 2533 ¹¹.

307 2625 484 2695 Quapropter,
497 2625 624 2696 quoniam
638 2625 673 2677 'st
686 2624 777 2677 Animi
790 2632 884 2678 natura
896 2634 1009 2695 reperta,

305 2712 394 2783 Atque
406 2712 520 2775 Animae,
533 2710 609 2782 quasi
621 2728 682 2780 pers
695 2710 828 2774 hominie;
846 2711 922 2764 mitte
937 2711 1096 2766 Harmoniai

306 2798 413 2850 Nomen
425 2797 459 2851 ab
472 2798 597 2867 organico
610 2799 680 2850 saltu
693 2796 809 2850 delatum
821 2796 967 2859 Heliconis,

306 2877 368 2937 Sive
380 2883 487 2936 aliunde
499 2882 550 2952 ipsi
562 2900 643 2952 porro
654 2891 764 2945 traxere,
777 2883 843 2936 etin
854 2882 927 2935 illam

304 2970 518 3033 Transtulerunt,
530 2970 639 3040 proprio
651 2987 711 3041 quae
723 2978 782 3023 tum
794 2987 836 3022 res
849 2970 956 3023 nomine
968 2969 1082 3040 egebat;

306 3054 441 3126 Quicquid
453 3055 480 3108 id
493 3063 541 3118 est,
554 3055 684 3108 habeant:
704 3063 735 3108 tu
747 3055 842 3109 caetera
852 3056 958 3124 percipe
971 3055 1051 3109 dicta.

166 3201 314 3285 Deinde,
332 3214 412 3295 post
429 3202 557 3295 paullo,
576 3225 639 3273 sua
656 3204 821 3273 videlicet
839 3213 1040 3274 ostentans:

306 3358 387 3411 Nunc
398 3358 489 3427 igitur,
503 3359 629 3429 quoniam
642 3358 677 3410 'st
689 3357 780 3411 Animi
792 3366 887 3411 natura
899 3367 1002 3427 reperta

306 3441 416 3497 Mobilis
428 3440 540 3514 egregie,
553 3454 681 3514 perquam
694 3451 815 3497 constare
827 3461 933 3497 necesse
945 3451 985 3496 est

307 3526 470 3596 Corporibus
483 3530 570 3598 parvis
582 3537 608 3582 et
620 3528 741 3591 levibus,
754 3536 833 3599 atque
844 3527 983 3581 rotundis:

306 3612 375 3669 Quae
387 3614 435 3668 tibi
448 3616 554 3684 cognita
565 3632 606 3667 res
618 3615 647 3666 in
659 3615 760 3677 multis,
774 3614 800 3668 0
812 3615 891 3677 bone,
904 3614 993 3677 rebus,

305 3697 386 3751 Utilis
398 3699 554 3762 invenietur,
568 3708 593 3752 et
605 3707 756 3768 opportuna
768 3699 874 3753 cluebit.

167 3845 186 3872 “
202 3823 393 3904 irruenter
422 3838 524 3906 sane''
552 3838 672 3925 (liceat
702 3839 797 3908 enim
828 3838 1006 3908 Ciceronis
1036 3839 1146 3909 verba
1175 3838 1212 3909 in

165 3974 202 4019 re
229 3951 339 4019 ferme
361 3951 485 4019 eadem
509 3952 702 4042 adhibere)
726 3963 745 3992 ‘⁶
756 3954 916 4034 fidenter,
937 3960 979 4020 ut
1003 3951 1119 4022 solent
1142 3954 1211 4036 isti,

165 4065 253 4133 nihil
272 4075 344 4134 tam
359 4089 482 4136 verens
497 4090 602 4157 quam
620 4092 665 4138 ne
684 4069 846 4139 dubitare
863 4067 980 4158 aliqua
997 4065 1041 4136 de
1060 4090 1097 4137 re
1116 4070 1212 4138 vide·

269 4323 284 4360 ¹¹
304 4323 382 4377 Lucr.
397 4343 423 4394 3.
437 4344 494 4395 131.
792 4330 853 4384 iDc
865 4332 929 4382 Nat.
943 4330 1024 4382 Deor.
1040 4346 1064 4383 1.
1078 4330 1104 4382 8.
