2768 4876
164 345 354 390 annaeum.
414 321 836 409 adlibeimmpoeaitectioe
849 326 1002 411 specimen.
1153 325 1218 392 427

377 507 509 562 matres
519 507 571 580 γὰρ
583 507 613 563 ὃν
623 509 689 580 πρὸς
700 508 775 578 ἑστίᾳ
788 507 858 584 θεοῦ,

377 592 476 656 Φοίβου
488 593 627 663 καθαρμοῖς
638 591 721 662 lidos
733 595 916 663 χοιροκτόνοις.

377 677 461 733 πολὺς
472 676 503 731 δι’
512 699 558 746 μοι
568 672 661 748 γίνοιτ’
673 677 705 732 ἂν
717 678 747 747 ἐξ
759 677 842 750 ἀρχῆς
852 681 942 750 λόγος,

378 759 454 818 ὅσοις
464 759 617 833 προσῆλθον
628 762 743 828 ἀβλαβεῖ
754 763 887 833 ξυνουσία.

168 891 328 975 Quorum
350 888 475 962 eadem
493 893 605 962 ferme
622 901 677 963 est
694 894 795 976 ratio,
813 901 922 984 atque
939 912 1073 977 eorum,
1090 889 1219 985 quibus

168 1027 205 1076 se
221 1005 338 1076 solent
355 1007 490 1100 erigere
507 1006 684 1098 simplices
701 1008 820 1101 piique
837 1007 1008 1090 homines,
1020 1009 1219 1102 quaestione

167 1120 299 1201 habita,
330 1139 377 1191 an
406 1118 506 1191 nullu
537 1139 694 1212 unquam
728 1130 890 1214 tempore
920 1119 1132 1194 delictorum
1160 1147 1220 1194 ve-

167 1237 263 1306 niam
294 1236 461 1329 consequi
494 1237 639 1327 possint.
696 1235 840 1328 Nempe
870 1259 913 1306 eo
942 1237 1151 1330 plerumque
1180 1262 1219 1311 se

167 1351 352 1442 ascipiunt,
378 1359 421 1419 ut
446 1374 518 1420 non
541 1350 645 1421 facile
668 1373 706 1422 se
731 1351 877 1420 credant
903 1352 1007 1443 abjici
1034 1375 1176 1444 prorsus
1197 1376 1220 1423 a

166 1464 323 1558 benigno
348 1463 521 1548 Numine,
542 1487 654 1555 usque
680 1462 766 1536 duni
793 1465 838 1534 ad
865 1487 942 1536 aras
966 1474 1137 1558 poterunt
1162 1489 1220 1536 ac·

167 1581 302 1662 cedere,
315 1586 399 1649 vota
412 1579 558 1660 solvere,
572 1575 735 1671 precibus
752 1579 866 1650 litare.
906 1580 1220 1663 Quemadmodum

167 1695 314 1763 foemina
337 1693 400 1763 illa
425 1695 462 1763 in
490 1694 598 1764 Libro
618 1693 789 1764 Judicum
816 1695 975 1788 conjugis
1001 1697 1055 1766 sui
1080 1704 1219 1766 metum

167 1808 319 1879 solatur:
356 1807 424 1876 8Εἰ
448 1808 606 1894 βούλεται
626 1807 749 1904 Κύριος
773 1812 960 1880 θανατῶσαι
986 1811 1077 1892 ἡμᾶς,
1101 1810 1157 1878 οὐκ
1178 1807 1220 1880 οἶν

167 1920 303 2015 ἐδέξατο
321 1923 354 1990 εἰς
371 1927 436 1993 τῶν
459 1927 575 2018 χειρῶν
599 1926 684 2004 ἡμῶν
704 1923 920 2006 ὁλοκαύτωμα
943 1924 995 1994 καὶ
1021 1923 1145 2010 θυσίαν,
1165 1924 1218 1995 καὶ

167 2038 222 2107 οὐκ
237 2036 278 2108 dv
295 2039 460 2134 ἐφώτισεν
481 2040 563 2121 ἡμᾶς
580 2034 691 2108 πάντα
707 2044 827 2109 ταῦτα.

216 2151 321 2221 Idem
339 2149 496 2233 Orestes,
513 2151 693 2242 pendente
716 2150 831 2222 adhuc
854 2151 930 2235 lite,
946 2152 1071 2234 macie,
1090 2173 1217 2236 errore,

167 2266 286 2360 vigilia
313 2288 417 2357 poene
444 2267 638 2348 confectus,
665 2276 773 2360 negat
801 2276 922 2336 tamen
948 2266 1022 2337 ulla
1046 2291 1091 2336 ex
1117 2277 1218 2360 parte

167 2383 339 2473 poenitere
352 2402 390 2450 se
403 2380 498 2470 quod
512 2379 673 2472 Apollini
686 2382 846 2450 monenti
859 2383 1025 2473 parue1it.
1063 2382 1220 2453 Interro-

167 2496 333 2588 gantibus
350 2494 485 2564 scilicet
499 2494 765 2578 Eumenidibus,
779 2518 851 2564 non
867 2497 942 2566 sine
960 2495 1208 2579 contumeliab,

379 2640 394 2691 ὁ
405 2636 494 2707 μάντις
505 2637 623 2709 ἐξηγεῖτό
635 2659 679 2692 σοι
690 2640 888 2709 μητροκτονεῐνι
1070 2608 1074 2617 Ι

168 2761 216 2830 ita
232 2761 425 2854 respondit,
442 2768 484 2828 ut
502 2757 623 2829 decuit
639 2760 775 2852 pietate
792 2767 1041 2850 praestantem:

378 2905 419 2957 καὶ
431 2905 508 2975 δεῦρό
519 2901 544 2974 γ’
556 2903 596 2958 ἀεὶ
608 2903 653 2972 τὴν
665 2902 746 2975 τύχην
757 2905 787 2958 οὐ
798 2903 942 2975 μέμφομαι.

168 3026 277 3111 Quasi
295 3027 402 3109 dicat,
420 3023 597 3095 “Nullius
614 3026 664 3095 rei
682 3048 753 3095 non
771 3025 912 3096 facilem
930 3026 995 3097 sibi
1013 3025 1088 3096 fore
1099 3026 1219 3116 jactu.

167 3163 250 3224 ram,
268 3141 376 3211 modo
399 3139 573 3232 propitius
597 3139 689 3210 adsit
710 3141 751 3222 is,
772 3141 829 3209 cui
851 3141 1004 3231 primum
1030 3162 1069 3210 se
1094 3142 1219 3217 addix—

167 3263 243 3345 erit,
262 3258 427 3353 Apollo.'’

219 3376 396 3466 Denique,
430 3373 524 3467 quod
559 3373 694 3465 optimo
729 3374 888 3442 omnium
923 3373 1016 3442 foret
1050 3373 1215 3466 auspicio,

166 3490 272 3581 ipsius
287 3487 424 3559 Orestis
444 3510 593 3579 persona
609 3486 680 3558 ciet
704 3510 776 3557 non
798 3488 1074 3558 misericordiam
1097 3490 1216 3573 modo,

166 3627 288 3676 vemm
317 3604 427 3673 etiam
457 3603 692 3673 reverentiam
718 3604 904 3696 quandam,
930 3604 1115 3687 modestia,
1142 3605 1217 3695 pie·

165 3727 248 3802 tate,
266 3716 514 3810 magnitudine
531 3716 649 3785 animi.
691 3715 837 3798 Mirere,
855 3738 961 3809 quam
978 3736 1091 3809 pauca
1107 3714 1216 3786 verba

165 3836 280 3918 faciat,
306 3832 586 3929 πρωταγωνιστὴς
616 3855 698 3904 cum
729 3833 786 3916 sit,
817 3855 969 3927 cumque
998 3835 1036 3903 in
1066 3856 1109 3904 eo
1139 3833 1215 3903 solo

164 3974 300 4023 summa
328 3948 521 4043 Tragoedias
556 3946 645 4016 ratio
680 3954 862 4018 vertatur:
906 3947 1005 4038 quasi
1035 3969 1100 4040 per
1132 3969 1216 4016 eum

165 4065 403 4138 demonstrare
437 4063 587 4134 voluerit
621 4060 817 4156 AEsehylus,
850 4063 910 4154 qui
947 4084 1073 4150 sermo,
1109 4062 1215 4152 quive

266 4328 281 4358 ⁸
297 4319 360 4373 Jud.
377 4334 418 4387 13.
432 4332 475 4386 23.
501 4313 587 4368 Lxx.
924 4316 936 4350 ὓ
953 4315 1031 4369 Eum
1045 4315 1108 4386 598.
