2768 4876
167 339 260 386 rann.
273 343 340 385 xxr.
400 320 513 384 mmm
526 318 664 384 umbram
678 319 713 383 in
727 340 844 384 emnam
859 320 1001 384 ductae.
1050 364 1057 371 -
1149 324 1213 390 407

166 516 236 562 non
249 493 469 574 horrendam,
480 515 596 584 neque
607 494 790 582 atrocem)
801 493 1031 562 eemunt‘duo
1041 492 1106 563 soli
1119 492 1213 562 mili-

166 617 229 693 tes,
243 609 411 678 excubias
427 616 574 700 agentes
590 607 635 678 ad
651 607 781 676 ostium
798 607 902 700 regiae
917 608 1062 680 domus:
1083 610 1212 700 quibus

166 726 270 796 tertia
295 734 402 795 nocte
424 725 563 795 accedit
584 724 693 815 ipsius
710 721 897 793 Hamlethi
918 724 1068 795 dilectus
1092 747 1211 795 comes

166 850 201 910 et
218 839 357 910 sodalis.
397 838 475 926 Hos
493 848 613 910 tamen
631 860 753 909 omnes
771 839 880 909 tacita
896 841 1055 931 praeterit
1072 841 1210 934 imag03

166 955 274 1026 semel
299 956 416 1037 modo,
434 978 480 1026 ne
504 955 652 1024 verbum
677 953 820 1044 aliquod
841 955 973 1038 ederet,
991 979 1054 1048 per
1075 957 1212 1028 dilucu-

166 1069 237 1138 lum
264 1069 405 1139 stetisse
430 1075 602 1137 narratur.
654 1066 871 1150 Quinetiam,
895 1068 957 1137 ubi
982 1078 1130 1140 ventum
1156 1080 1211 1142 est

165 1185 208 1254 ad
233 1186 350 1277 ipsum
375 1182 622 1264 Hamlethum,
640 1205 685 1252 ne
709 1190 788 1252 tum
805 1183 949 1274 quidem
974 1185 1041 1254 nisi
1067 1185 1211 1256 remotis

165 1308 311 1388 arbitris,
330 1329 445 1398 neque
467 1315 594 1398 praeter
610 1329 652 1375 ea
669 1306 744 1375 sola
764 1304 931 1398 loquitur,
949 1330 1026 1399 quae
1048 1319 1211 1399 spectent

166 1424 236 1492 sive
265 1423 310 1492 ad
341 1405 496 1491 divinam
528 1420 626 1491 illam
657 1420 841 1503 ultionem,
867 1422 941 1491 sive
971 1423 1016 1492 ad
1042 1423 1211 1493 virtutem

166 1537 345 1628 bonosque
374 1561 490 1608 mores
517 1536 600 1607 filii:
632 1559 687 1606 res
720 1559 803 1607 sane
832 1561 904 1607 non
932 1538 1104 1630 indignas,
1130 1562 1212 1630 quae

165 1661 305 1722 mortuo
330 1654 422 1745 patri
447 1654 519 1722 sint
544 1674 646 1721 curae.
699 1652 803 1736 Quod
826 1660 948 1721 autem
972 1652 1081 1721 semel
1104 1662 1212 1744 atque

165 1768 304 1850 itemm‚
333 1769 582 1861 progrediente
610 1767 740 1850 fabula,
768 1768 861 1837 redit
895 1769 990 1838 idem
1021 1769 1057 1837 in
1092 1790 1213 1840 sensus
1339 1819 1341 1823 ι

165 1882 367 1966 hominum3
395 1884 523 1975 partim
544 1883 772 1953 subterranea
794 1905 836 1952 ac
854 1885 959 1953 surda
976 1906 1063 1954 voce
1080 1885 1212 1978 signifi-

166 2007 230 2078 eat,
249 2005 380 2067 testem
398 2021 436 2067 se
452 1999 575 2067 adesse
592 1997 795 2089 jurantibus
812 1999 850 2066 in
867 1997 930 2067 filii
948 1998 1213 2096 verbaffl-quae

165 2113 307 2203 quidem
333 2136 388 2184 res
414 2135 627 2205 magnopere
648 2112 849 2204 pertinebat
866 2113 910 2182 ad
928 2114 1060 2205 incepti
1077 2115 1212 2207 negotii

166 2250 306 2296 cursum
317 2230 507 2320 3-partim
525 2251 642 2298 coram
667 2230 743 2319 ipsa
760 2250 870 2297 uxore
887 2227 1000 2296 filium
1017 2229 1176 2321 increpat
1186 2225 1212 2312 l,

165 2343 222 2434 qui
250 2343 384 2413 tardius
406 2344 592 2412 videbatur
617 2343 763 2434 exsequi
790 2344 1016 2412 commissum
1045 2344 1111 2413 sibi
1135 2368 1214 2414 mu·

166 2480 250 2540 nus;
278 2458 403 2528 eadem
429 2458 541 2528 ferme
567 2459 715 2540 ratione,
740 2468 848 2548 atque
875 2457 1025 2550 Pylades
1046 2456 1210 2529 Orestem
1300 2498 1304 2508 .

165 2571 391 2666 languentem
421 2575 526 2644 unica
555 2574 617 2644 illa
649 2596 733 2645 voce
763 2574 898 2644 incitat.
952 2572 1075 2663 Atque
1105 2573 1212 2644 ineo

165 2687 240 2758 loco
266 2688 504 2781 pulcherrime
531 2690 665 2759 indicat
690 2690 779 2758 irata
803 2688 888 2758 lieet
911 2689 1038 2768 anima,
1057 2711 1213 2759 eommo-

165 2806 235 2874 veri
254 2828 292 2875 se
308 2815 455 2898 aspectu
472 2806 608 2874 miserae
625 2804 791 2886 mulieris
803 2813 841 2873 et
858 2804 1025 2896 praeteriti
1045 2807 1213 2896 temporis

165 2919 353 3001 memoria3
385 2920 504 3012 igitur,
531 2920 622 2988 sicut
648 2920 749 2989 initio
774 2927 971 2999 monuerat,
997 2918 1211 3008 parcendum

165 3043 346 3124 utcunque
363 3035 445 3104 vitae
471 3035 555 3125 ejus,
574 3036 625 3104 ita
648 3034 705 3103 lric
725 3056 771 3103 ne
788 3034 904 3103 verbis
921 3032 1064 3123 quidem
1090 3055 1213 3124 aspere

165 3149 268 3219 nimis
286 3148 508 3218 tractandam
527 3150 642 3219 docet.

213 3262 271 3332 Ex
288 3261 343 3331 his
357 3263 521 3332 omnibus
539 3263 771 3356 intelligimus
789 3263 902 3354 plane,
916 3261 1016 3332 nullo
1033 3285 1105 3331 non
1122 3271 1211 3332 tem-

164 3399 247 3467 pore
276 3378 398 3448 adesse
424 3377 498 3446 lilio
524 3378 632 3449 ultori
659 3380 767 3470 petris
793 3376 935 3455 cilones,
961 3377 1022 3446 sed
1049 3386 1124 3447 tum
1154 3378 1213 3447 de-

164 3516 262 3563 mum
292 3517 338 3563 ex
373 3517 454 3564 aere
485 3494 634 3565 obscuro
664 3496 759 3564 cerni
788 3504 826 3564 et
857 3495 969 3564 audiri
1000 3495 1212 3577 hominibus,

164 3631 245 3678 cum
262 3632 390 3702 magna
407 3609 524 3701 aliqua
541 3609 699 3702 postulat
717 3611 918 3680 necessitas.
971 3611 1069 3679 Num
1095 3613 1212 3702 potuit

164 3723 289 3794 melius
310 3724 445 3794 consuli
464 3723 521 3793 vel
546 3725 762 3817 gravissimae
779 3725 940 3818 religioni
959 3724 1136 3809 Manium,
1156 3726 1211 3796 vel

163 3840 261 3931 aegris
277 3838 481 3910 mortalium
498 3839 697 3923 desideriis3
722 3840 789 3910 hac
806 3848 969 3932 negante,
980 3839 1049 3909 illis
1067 3862 1211 3931 poscen-

163 3954 267 4035 tibus
295 3955 496 4046 propiorem
522 3956 699 4046 quandam
726 3955 946 4046 praesentiam
974 3955 1048 4025 fato
1073 3955 1212 4024 functo-

163 4069 266 4139 ruml

337 4263 478 4326 namn,
491 4263 508 4315 i.
522 4277 547 4329 5.
852 4260 1034 4330 bibitura
