2768 4876
206 278 271 342 430
400 278 444 342 [ιι
457 275 679 343 mamiato
691 277 738 342 ad
748 279 854 342 «Ιοοιιιι
862 279 1039 362 properari,
1069 300 1166 342 rann.
1179 300 1259 343 xxu.

204 450 243 518 in
260 456 435 520 aeternum
454 448 561 519 dicari
580 445 741 528 voluerit,
759 455 895 516 temere
905 448 982 537 jam
1007 455 1085 517 tum
1107 446 1260 518 illuden-

205 563 301 636 tibus
318 563 351 633 ei
368 561 634 631 tribunitiorum
650 560 835 631 hominum
853 561 1029 632 furoribus
1039 561 1076 632 0?

699 696 727 750 ἐν
738 696 767 750 δὲ
779 699 815 769 τῷ
830 695 913 761 σέβας

416 782 512 846 ἇστῶν,
524 785 612 853 φόβος
623 803 652 836 τε
664 782 791 854 σιηγενὴς
803 783 833 835 τό
845 782 880 851 μὴ
891 781 979 836 ’δικεῖν

416 866 523 937 σχήσει,
535 869 565 921 τό
578 867 601 921 θ
615 866 683 939 ἦμαρ
695 867 736 920 καὶ
749 865 801 921 κατ’
815 867 943 938 εὐφρόνην
955 869 1030 937 δμῶε,

415 951 499 1005 αὐτῶν
509 951 624 1005 πολιτῶν
634 950 669 1019 μδ
680 948 856 1005 ’πικαινόντων
867 953 960 1020 νόμους

416 1038 504 1091 κακαῖς
516 1035 671 1105 ἐπιρροαῖσι·
690 1037 815 1109 βορβόρῳ
827 1035 850 1089 θ
863 1034 933 1105 ὕδωρ

414 1122 536 1191 λαμπρόν
546 1121 660 1190 μιαίνων,
675 1119 765 1175 οὔποθ’
779 1120 898 1192 εὑρήσεις
908 1123 997 1177 ποτόν.
1007 1161 1014 1176 .
1025 1160 1050 1177 ..

415 1206 515 1261 τοίονδε
527 1229 568 1260 τοι
581 1209 736 1278 ταρβοῦντες
748 1206 851 1262 ἐνδίκως
863 1206 955 1271 σέβας,

415 1292 496 1360 ἔρυμά
508 1313 536 1345 τε
547 1294 643 1364 χώρας,
656 1292 698 1345 καὶ
709 1293 812 1347 πόλεως
823 1288 952 1361 σωτήριον

414 1375 494 1445 ἔχοιτ’
505 1374 537 1430 ἂν
549 1373 603 1430 οἷον
614 1380 684 1432 οὔτις
695 1376 835 1447 ἀνθρώπων
847 1377 911 1446 ἔχει,

414 1466 474 1516 οὔτε
486 1460 623 1530 Σκύθῃσιν,
634 1465 693 1516 οὔτε
705 1462 830 1518 Πέλοπος
841 1462 869 1518 ε’ν
879 1463 976 1517 τόποις·

414 1547 512 1617 κερδῶν
523 1547 626 1602 ἄθικτον
638 1551 714 1602 τοῦτο
724 1546 919 1617 βουλευτήριον,

415 1633 521 1697 αἰδοῖον,
534 1632 670 1704 ὀξύθυμον,
684 1634 809 1689 εὑδόντων
819 1633 884 1704 ὅπερ

414 1719 563 1791 orooro
576 1718 715 1791 φρούρημα
727 1723 774 1792 o
786 1720 950 1789 καθίσταμαι.

254 1855 349 1925 Mihi
379 1879 463 1926 vero
492 1858 540 1943 (id
568 1859 663 1948 quod
691 1880 763 1928 non
791 1858 901 1929 semel
931 1857 1082 1929 antehae
1111 1859 1254 1950 edocui)

203 1971 345 2040 videtur
377 1971 414 2040 id
448 1993 560 2041 unum
589 1972 744 2042 maxime
778 1972 989 2064 pertinuisse
1022 1972 1067 2044 ad
1097 1973 1254 2043 officium
1360 2051 1366 2071 ι

203 2083 321 2153 Attioi
342 2085 441 2166 vatia,
460 2093 501 2153 ut
519 2109 736 2179 quaeeunque
756 2087 866 2156 vellet
891 2088 1035 2158 consilia
1056 2088 1151 2157 eires
1172 2108 1254 2157 suos

203 2199 248 2267 ad
268 2207 411 2292 tempus
436 2201 628 2283 admoneri,
646 2223 689 2270 ea
706 2203 849 2271 contexi
867 2203 1127 2292 quodammodo
1153 2224 1254 2271 oura-

202 2320 258 2382 ret
287 2335 370 2383 eum
399 2314 525 2384 altiore
559 2314 676 2412 aliqua
706 2317 877 2399 doctrina,
903 2340 980 2407 quae
1014 2317 1059 2385 ad
1092 2315 1253 2397 honesta,

202 2436 333 2510 saneta,
360 2428 574 2498 immortalia
599 2431 803 2521 pertineret.
856 2430 963 2515 Quid,
980 2431 1075 2521 quod
1095 2429 1253 2500 Athenis

202 2566 342 2635 quoque
366 2545 437 2614 suis
460 2567 532 2613 non
554 2546 769 2616 mediocrem
790 2546 965 2616 addiderit
991 2544 1104 2616 laudis
1129 2568 1254 2615 eumu-

201 2658 290 2743 lum,
317 2681 399 2728 eum
431 2659 575 2730 doceret
601 2683 647 2729 ex
673 2684 716 2730 ea
743 2662 965 2753 potissimum
993 2661 1081 2730 urbe
1108 2682 1253 2730 manare

202 2795 273 2842 non
291 2774 397 2843 modo
414 2773 598 2843 hominum
616 2797 739 2844 verum
757 2776 866 2845 etiam
884 2775 1043 2845 Deorum
1055 2775 1161 2866 jura?

252 2888 380 2971 Quare,
405 2911 487 2958 oum
512 2888 758 2980 appellationis
786 2891 887 2960 istius
913 2892 1007 2981 apud
1034 2890 1251 2959 Eumenidas

200 3023 245 3070 ea
269 3003 315 3071 sit
340 3004 440 3084 ratio,
467 3013 509 3072 ut
531 3002 611 3073 Deo
636 3012 781 3073 auctore
805 3013 1019 3095 provocetur
1043 3027 1064 3074 a
1090 3002 1251 3073 Deorum

200 3118 387 3200 sententia,
422 3140 493 3186 non
533 3128 588 3188 est
626 3142 689 3188 our
723 3119 865 3188 dubitet
899 3119 1096 3210 quisquam,
1130 3116 1251 3187 Deum

201 3230 378 3319 quendam
395 3230 470 3300 fore
488 3230 532 3299 ad
550 3253 656 3320 quem
679 3230 743 3299 fiat
765 3231 979 3321 provocatio,
998 3230 1158 3299 Deorum
1179 3250 1251 3297 non

200 3342 385 3413 hominum
419 3343 556 3414 calculo
590 3367 664 3414 rem
698 3345 869 3435 permitti.
936 3345 1031 3428 Quid
1065 3341 1251 3433 quaeritisl

201 3456 390 3527 Summum
417 3459 454 3526 in
480 3457 546 3528 hae
573 3459 636 3528 lite
658 3459 834 3548 judicium
862 3481 908 3528 ne
930 3457 996 3550 ipsi
1014 3458 1158 3549 quidem
1177 3455 1251 3525 Mi-

200 3594 320 3643 nervae
342 3573 532 3656 tribuitur3
559 3574 620 3643 sed
641 3574 686 3643 ad
704 3572 847 3644 Patrem
866 3575 952 3664 ejus,
968 3573 1098 3642 Jovem
1115 3572 1250 3665 σώτηρα

200 3682 276 3775 (qui
311 3686 454 3772 dieitur)
482 3709 605 3756 omnes
632 3687 802 3756 universae
832 3709 947 3758 eausae
976 3684 1162 3755 arbitrium
1189 3685 1251 3753 de-

199 3791 330 3867 ferunt.
390 3798 462 3882 Qui
493 3799 656 3892 primum,
687 3802 784 3870 edito
815 3799 914 3870 velut
947 3800 1047 3892 signo
1077 3806 1259 3889 supremae

199 3910 295 3982 illius
315 3915 546 3996 auctoritatis,
564 3913 696 3984 claudit
714 3912 971 4006 Delphieorum
988 3913 1148 3982 Deorum
1164 3909 1248 3980 oho-
1275 3948 1277 3953 ·

635 4145 645 4167 ⁶
663 4136 740 4190 Eum.
753 4135 814 4206 693.
