2768 4876
167 342 260 386 rnna.
273 343 410 386 xxxvnr.
445 321 591 386 Locorum
605 322 778 385 camellorum
794 322 921 385 taurios
934 344 1046 387 sonare.
1150 324 1214 394 769

165 499 308 582 propter
333 513 441 582 aquas
468 490 577 561 fluere
605 491 867 580 quodammodo
894 501 931 560 et
960 490 1042 560 ferri
1069 493 1213 574 sonitus,

165 615 271 697 atque
288 608 325 675 in
343 606 421 676 loca
437 616 567 698 praeter
584 608 869 697 expectationem
888 605 1089 699 longinqua.
1115 607 1212 677 Nam

165 743 333 812 aquarum
351 722 515 805 solarum,
530 723 583 791 uti
604 723 738 804 videtis,
756 722 797 791 lit
814 723 960 792 mentio.
1016 721 1089 791 Sed
1107 723 1213 791 fuerit

165 861 381 929 quaecunque
409 839 499 908 ratio
530 837 748 930 singulorum
779 839 973 919 nominum,
1002 839 1037 906 in
1065 860 1108 906 eo
1132 861 1215 907 con-

165 955 328 1037 sentient,
365 956 498 1046 opinor,
533 976 665 1036 omnes,
700 977 770 1022 non
805 955 880 1023 sine
920 977 1048 1048 magna
1085 954 1213 1045 leporis

159 1070 299 1160 jactura
324 1070 433 1140 eximi
459 1093 560 1162 posse
578 1093 622 1139 ex
641 1070 709 1139 isto
734 1071 888 1139 carmine
906 1071 1108 1162 ignotorum
1128 1070 1213 1139 licet

165 1184 321 1255 locorum
340 1185 520 1255 vocabula.
960 1266 962 1270 v

213 1302 340 1371 Dicam
368 1301 464 1371 aliud
490 1325 530 1370 ao
565 1301 717 1370 nobilius
743 1300 970 1391 exemplum:
1008 1302 1116 1369 immo
1144 1324 1214 1391 quo

166 1418 223 1485 vix
245 1417 377 1507 aliquid
402 1418 557 1486 tenerius
583 1417 619 1484 in
637 1416 827 1486 tenerrimo
854 1415 1022 1507 scriptore
1047 1416 1212 1485 invenias.

167 1531 358 1624 Postquam
377 1532 542 1603 videlicet
560 1534 778 1602 sacerdotem
796 1532 985 1622 quendam,
1004 1541 1041 1600 et
1061 1533 1212 1601 eundem

166 1649 353 1728 medicum,
372 1650 406 1717 in
429 1657 566 1739 partem
577 1647 662 1717 belli
679 1647 875 1717 adduxerat
888 1658 912 1729 l,

306 1795 418 1864 Vipereo
430 1795 520 1864 generi
532 1804 558 1848 et
569 1795 684 1863 graviter
697 1793 859 1864 spirantibus
874 1793 965 1864 hydris

306 1880 435 1950 Spargere
448 1881 494 1952 qui
502 1898 627 1934 somnum
639 1889 771 1952 cantuque
784 1898 918 1951 manuque
931 1880 1041 1940 solebat,

307 1967 495 2039 Mulcebatque
507 1966 572 2030 vias,
584 1976 610 2020 et
622 1984 728 2020 morsus
741 1975 795 2020 arte
807 1966 910 2020 levabat
921 1989 929 2029 ;

307 2055 360 2109 Sed
373 2074 428 2110 non
442 2055 584 2110 Dardania
596 2054 720 2110 medicari
733 2055 851 2124 cuspidis
863 2055 946 2108 ictum

305 2143 420 2206 Evaluit,
433 2160 519 2214 neque
531 2159 593 2196 eum
606 2142 698 2212 juvere
710 2142 738 2195 in
751 2143 859 2195 vulnere
871 2150 965 2194 cantus

307 2229 456 2292 Somnileri,
470 2238 495 2282 et
509 2228 607 2281 Marsis
619 2228 737 2298 quaesitae
750 2228 777 2281 in
789 2227 926 2281 montibus
938 2227 1043 2281 herbae:

166 2367 305 2451 arrepta
335 2360 455 2428 statim
486 2367 651 2428 notorum
680 2359 854 2428 montium
891 2358 1083 2440 montione,
1111 2379 1213 2425 moes-

166 2475 336 2543 tissimam
361 2475 426 2544 sibi
450 2475 552 2568 lingit
575 2475 727 2544 naeniam
755 2472 911 2541 omnium
938 2472 1107 2555 locorum,
1126 2495 1212 2563 quos

166 2590 225 2659 ille
243 2613 429 2682 peragrare
447 2599 700 2659 consueverat:

306 2728 451 2782 Tenemus
465 2727 589 2796 Angitiae,
602 2726 686 2780 vitrea
697 2735 722 2779 te
736 2725 851 2778 Fucinus
865 2724 946 2788 unda,

306 2815 344 2869 Te
356 2813 449 2886 liquidi
461 2813 555 2867 flevere
566 2814 649 2866 lacus.

167 2947 252 3017 Nou
283 2947 400 3038 potuit
431 2967 546 3037 neque
573 2944 713 3014 brevius
740 2968 855 3036 neque
886 2942 1056 3013 flebilius:
1096 2943 1213 3012 videte

166 3086 258 3144 vero,
283 3085 327 3132 au
354 3063 390 3130 in
415 3061 572 3130 locorum
594 3061 794 3130 nominibus
818 3069 977 3129 vertatur
1002 3060 1116 3128 omnis
1140 3060 1213 3128 fere

167 3181 233 3247 ista
257 3177 427 3246 dulcedo:
454 3177 519 3246 nisi
544 3176 636 3244 forte
653 3176 761 3245 addas
788 3175 941 3244 subitam
959 3173 1056 3243 illam
1080 3175 1214 3243 medio-

166 3318 235 3385 que
270 3292 441 3363 versiculo
471 3292 657 3384 abruptam
693 3291 897 3361 clausulam.
951 3289 1072 3358 Multa
1105 3290 1213 3359 habet

167 3410 261 3489 talia,
279 3410 332 3478 uti
357 3409 477 3488 nostis,
497 3408 669 3501 Virgilius
687 3417 826 3490 noster3
854 3408 904 3476 ita
922 3415 1040 3476 tamen
1059 3405 1214 3497 plerum-

169 3549 239 3617 que
261 3534 483 3617 comparata,
511 3534 551 3594 ut
586 3525 677 3594 forte
707 3525 858 3615 quadam
889 3523 1007 3615 potius
1042 3522 1213 3592 excidisse

167 3643 362 3721 videantur,
393 3663 498 3731 quam
530 3639 687 3709 adhiberi
714 3641 750 3708 in
781 3638 1074 3733 significationem
1100 3638 1214 3730 gravi-

166 3759 235 3827 oris
253 3757 400 3849 alicujus
418 3755 587 3840 affectus;
614 3780 691 3847 quae
709 3756 812 3847 lrujus
827 3757 972 3826 fortasse
986 3751 1138 3843 exempli
1159 3761 1212 3821 est

166 3873 267 3942 ratio.

216 3987 411 4057 Veniamus
429 3988 471 4056 ad
498 3987 755 4066 similitudines,
774 4008 860 4076 quas
878 3984 1046 4077 plurimas
1064 3985 1108 4054 ad
1131 4005 1213 4053 ean-

167 4104 247 4172 dem
279 4103 466 4172 formulam
499 4104 619 4196 exegit
651 4103 786 4171 Poeta:
827 4103 1016 4171 nominatis
1048 4099 1213 4170 videlicet

585 4330 599 4367 l
618 4322 685 4373 AEr·
700 4334 724 4390 7·
737 4335 796 4391 753·

671 4415 692 4477 3
709 4431 732 4477 Ι)
