2768 4876
220 319 287 387 630
411 322 549 404 rllmtirae
563 323 685 388 Perseos
698 323 785 409 opud
802 324 1024 390 Graeoorruta‘o.
1069 345 1166 389 rnna.
1176 347 1262 390 xxm.

220 503 340 564 tamen
368 494 500 576 ordine,
524 494 709 578 montium,
728 496 917 589 sylvarum,
939 496 1084 567 litorum
1111 499 1266 566 eminen-

222 609 290 678 tius
307 617 345 678 et
362 609 524 692 umbras3
550 610 600 678 ita
621 620 752 692 temen,
775 619 817 680 nt
838 608 927 679 nihil
952 612 1037 681 satis
1061 620 1125 682 aut
1151 612 1267 680 mirari

222 746 260 794 se
286 725 433 793 sentiret
456 731 517 792 aut
537 723 746 816 intelligere.
798 724 957 816 Ecquem
980 746 1051 794 non
1075 726 1269 796 commovit

220 838 399 907 interdum
417 837 567 930 angulus
583 838 709 929 aliquis
726 848 898 908 terrarum
924 861 986 908 seu
1008 840 1181 910 amoenior
1197 841 1270 910 sive

222 953 265 1041 (si
292 955 362 1024 fors
387 952 438 1024 ita
464 953 601 1045 tulerit)
622 953 805 1036 horridior,
828 954 884 1024 vel
906 957 1076 1025 memoria
1097 956 1268 1048 pueritiae,

222 1069 278 1139 vel
297 1070 444 1140 obscura
461 1069 612 1159 quadam
637 1069 837 1138 absentium
862 1090 978 1140 rerum
1005 1080 1099 1153 nota,
1116 1072 1175 1141 vel
1196 1071 1271 1162 ipsa

222 1184 374 1275 denique
400 1185 590 1253 formarum
618 1183 821 1253 coloremve
844 1183 1043 1278 elegantia?
1069 1186 1269 1256 cumidem

221 1307 342 1368 tamen
368 1299 514 1367 minime
530 1296 669 1388 placere
686 1298 753 1367 sibi
770 1306 909 1388 posset3
935 1299 1066 1390 quippe
1083 1299 1144 1390 qui
1162 1301 1271 1369 senti-

222 1421 277 1481 ret
294 1412 380 1481 vitio
398 1411 528 1481 mentis
545 1431 626 1490 suae,
640 1408 696 1479 rel
711 1433 749 1480 se
761 1411 873 1481 invito
886 1421 924 1481 et
940 1412 1179 1504 imprudente,
1191 1414 1270 1506 plu-

222 1525 351 1593 rimum
382 1521 540 1593 deminui
568 1523 613 1594 de
640 1543 758 1592 rerum
786 1524 945 1593 omnium
975 1533 1052 1594 turn
1081 1535 1269 1597 venustate

222 1646 299 1706 tum
317 1637 574 1730 magnitudine.
623 1637 740 1706 Immo
760 1659 832 1706 non
855 1638 925 1709 alia
949 1640 1061 1732 magis
1084 1660 1123 1708 re
1149 1639 1270 1732 deplo-

221 1752 289 1821 rari
313 1752 403 1821 solet
428 1752 583 1821 humana
607 1751 686 1820 haec
705 1753 861 1821 conditio
880 1754 1031 1834 vivendi,
1049 1775 1157 1845 quam
1174 1755 1268 1846 quod

222 1861 369 1932 affectus
386 1864 451 1955 ipsi
469 1872 605 1934 nostros
622 1885 688 1933 nec
704 1887 825 1956 regere
839 1865 983 1936 consilio
999 1888 1187 1957 possumus
1203 1891 1269 1938 nec

211 1979 338 2048 'verbis
355 1979 469 2048 solari.
508 1978 615 2062 Quid,
626 1980 686 2071 qui
704 1980 879 2049 teneriore
896 1989 979 2050 sunt
996 1982 1124 2065 auimo,
1140 1984 1269 2074 siquos

222 2095 355 2166 eximia
372 2095 518 2164 caritate
534 2104 803 2185 prosequuntur,
817 2118 935 2165 noune
952 2097 1080 2188 saepius
1098 2098 1199 2188 queri
1216 2121 1270 2169 so·

222 2207 308 2291 lent,
326 2230 364 2278 se
381 2209 559 2278 amoribus
579 2209 650 2278 suis
671 2207 830 2278 sufficere
847 2232 913 2279 nee
931 2210 1051 2304 lingua
1067 2235 1135 2282 nec
1151 2214 1270 2289 anima

224 2323 390 2413 quidem?
434 2322 656 2414 Ecquaenam,
676 2323 832 2407 obsecro,
850 2333 933 2393 sunt
951 2347 1065 2408 voces,
1086 2335 1161 2396 tam
1183 2327 1270 2397 deli·

222 2447 313 2521 cato,
335 2445 409 2507 tam
436 2436 577 2506 amabili
602 2435 710 2518 flexu,
737 2458 815 2526 quae
840 2445 1005 2520 matrum,
1027 2439 1125 2508 verbi
1153 2462 1269 2522 causa,

221 2552 413 2635 blanditiis,
431 2575 511 2621 cum
537 2550 655 2641 pueris
680 2550 891 2632 ludentium,
909 2559 992 2642 apte
1013 2551 1190 2644 digneque
1217 2578 1271 2624 re-

222 2666 442 2759 spondeant?

272 2780 391 2864 Quare
407 2780 495 2849 illud
508 2781 649 2871 quidem
668 2788 785 2850 ratum
802 2780 986 2872 fixumque
1003 2787 1090 2865 esto,
1100 2783 1270 2853 maximae

221 2897 311 2987 parti
336 2893 520 2964 hominum
539 2917 626 2985 opus
643 2895 718 2963 fore
736 2895 874 2976 Possin,
892 2896 1030 2964 etiamsi
1047 2897 1084 2964 in
1102 2908 1269 2990 promptu

222 3012 292 3080 sint
315 3033 392 3080 suae
411 3011 539 3100 cuique
563 3008 709 3079 deliciae.
763 3009 833 3079 Sed
859 3011 903 3079 de
931 3010 1108 3080 veteribus
1135 3011 1270 3083 Graecis

222 3125 272 3193 sic
285 3124 395 3192 femn'e
409 3125 544 3206 sentio:
567 3146 648 3192 cum
662 3122 905 3192 amoenissimis
918 3124 1120 3193 fruerentur
1132 3135 1171 3194 et
1183 3126 1270 3196 locis

223 3249 261 3310 et
278 3239 380 3318 caelis,
398 3248 523 3330 praesto
546 3240 653 3307 irrisae
678 3240 766 3308 ruris
792 3241 1006 3309 amatoribus
1024 3242 1118 3330 quod
1141 3242 1270 3333 cuique

221 3352 347 3423 solatio
366 3355 449 3422 satis
467 3362 570 3433 esset,
587 3351 653 3421 etsi
672 3351 872 3444 Virgiliano
889 3348 950 3421 illo
971 3375 1103 3444 genere
1128 3376 1269 3446 prorsus

223 3475 405 3537 carerent:
432 3489 512 3535 cum
532 3467 724 3557 praesertim
738 3464 869 3550 Poetis,
881 3475 918 3537 et
933 3466 1066 3558 Lyricis
1084 3475 1122 3536 et
1141 3467 1270 3538 Heroi-

223 3584 284 3663 cis,
301 3583 410 3650 immo
428 3581 582 3672 Tragicis
599 3602 749 3670 quoque,
766 3580 890 3650 liceret
912 3581 1027 3649 multa
1043 3580 1166 3651 multis
1183 3583 1270 3653 locis

222 3718 394 3788 spargere,
412 3718 492 3785 quae
518 3695 674 3762 animum
701 3702 834 3763 naturae
860 3695 1001 3787 rurique
1026 3696 1207 3766 intentum
1232 3708 1270 3767 et

223 3810 441 3880 declararent
467 3818 504 3878 et
523 3810 700 3900 juvarent.
753 3809 890 3899 Itaque,
913 3810 949 3877 ni
972 3808 1084 3890 fallor,
1110 3812 1270 3881 manebit

223 3924 316 4013 quod
331 3923 466 3991 dictum
480 3921 662 3991 volebam:
681 3922 866 3991 Camoenas
883 3921 960 3991 illas
977 3945 1057 3992 rure
1073 3924 1270 4014 gaudentes

222 4035 368 4104 minime
392 4035 611 4105 abhorruisse
636 4059 658 4105 a
682 4037 818 4106 ratione
843 4037 1012 4128 temporis
1029 4036 1214 4109 Homerici
1233 4048 1269 4109 et

222 4148 410 4241 AEschylei,
421 4149 483 4217 sed
501 4172 616 4240 neque
633 4151 772 4241 penitus
785 4150 893 4220 fuisse
905 4151 1138 4220 necessarias:
1166 4175 1267 4244 porro

222 4272 341 4332 autern
360 4285 398 4331 re
416 4265 622 4334 severitate
648 4266 805 4334 nondum
831 4265 1051 4357 apparuisse3
1077 4289 1164 4336 oum
1183 4288 1268 4335 non·
