2768 4876
165 314 231 382 586
361 316 602 402 *Euripidem
616 317 715 402 ιἰιοριι
728 318 932 384 νοιίοοιὶιιονίι
1022 341 1118 385 rum„
1132 343 1218 385 xxrx.

216 489 273 560 Αο
291 492 444 583 primum
463 491 507 560 de
526 491 653 584 frigido
671 493 814 582 quidem
833 492 894 563 illo
912 501 950 564 et
967 495 1216 586 intempestivo

166 606 369 699 disputandi
388 630 518 700 genere
535 629 605 676 non
624 616 678 677 est
696 631 760 677 our
776 607 889 679 multu
903 610 1126 693 disseramus,
1137 633 1216 680 uum

165 745 219 794 res
245 725 282 793 in
303 723 463 792 confesso
490 722 547 804 sit,
565 746 681 814 neque
708 724 817 794 ullam
841 725 944 796 focile
970 726 1127 818 proferas
1150 727 1220 796 Eu-

164 839 288 931 ripidis
305 838 538 932 Trugoediam,
556 862 632 930 quae
657 863 727 909 non
745 840 872 911 leviter
888 864 1028 933 quoque
1044 843 1215 935 uspicien-

164 955 260 1026 tibus
294 954 495 1046 hujnsmodi
530 978 646 1025 naevos
681 979 755 1048 prae
790 980 827 1026 se
862 959 973 1029 ferat:
1014 983 1086 1050 quo
1120 981 1217 1028 more

166 1068 299 1139 Medea
321 1068 534 1162 gravissimis
551 1069 682 1140 afflicta
704 1072 849 1163 injuriin
867 1072 943 1165 ipso
961 1072 1080 1144 luctus
1097 1082 1136 1143 et
1153 1073 1218 1142 ira·

164 1208 243 1253 rum
274 1184 426 1264 turbine,
459 1206 619 1254 sermone
651 1186 734 1255 sutis
763 1188 893 1258 diserto
924 1190 1082 1282 exponit,
1111 1209 1216 1281 quam

164 1298 299 1369 lubrico
317 1299 388 1369 sint
416 1299 494 1369 loco
512 1301 572 1391 qui
594 1300 790 1392 pendente
810 1302 903 1395 vulgi
923 1304 1072 1395 judicio,
1090 1304 1218 1374 deinde

164 1437 270 1505 quam
288 1415 410 1506 iniqua
428 1416 632 1485 conditione
649 1417 787 1486 nubent
806 1417 970 1489 mulieres
981 1429 1006 1488 ⁸.

340 1559 472 1630 Κορινθίαι
484 1562 609 1631 γυναῖκες,
623 1560 734 1630 ε’ξῆλθον
748 1561 842 1631 δόμων,

341 1645 376 1715 μίη
388 1646 433 1716 μοί
444 1669 469 1700 τι
479 1647 625 1718 μέμφησθ·
645 1645 703 1702 οἶδα
714 1649 765 1719 γὰρ
776 1648 893 1704 πολλοὺς
903 1650 1007 1718 βροτῶν

344 1734 453 1802 σεμνοὺς
464 1739 587 1805 γεγῶτας,
601 1735 660 1790 τοὺς
671 1735 718 1804 μὲν
730 1735 850 1804 ὀμμάτων
861 1734 921 1798 ἄπο,

342 1819 402 1875 τοὺς
414 1817 436 1873 δ’
450 1819 478 1873 ἒν
490 1819 612 1890 θυραίοις,
623 1821 647 1873 οί
660 1819 681 1874 δ’
695 1819 742 1891 ἀφ’
755 1818 857 1891 ἡσύχου
868 1821 957 1884 ποδὸς,
978 1889 981 1894 ⁸

343 1903 482 1959 δύσκλειαν
494 1904 635 1973 ε’κτίησαντο
647 1905 688 1959 καί
700 1904 834 1976 ῥαθυμίαν.

341 1991 397 2060 διιεὴ
409 1992 460 2062 γὰρ
474 1992 520 2045 οὐκ
532 1990 613 2046 ἔνεστ’
627 1991 655 2046 ἕν
667 1992 814 2061 ὀφθαλμοῖς
825 1994 936 2061 βροτῶν.

166 2115 307 2186 Deinde
325 2124 404 2208 post
423 2116 552 2207 paullo,

339 2253 484 2317 πόντονδ’,
498 2252 539 2309 δυ’
553 2252 607 2308 ἔστ’
621 2253 739 2325 ἔμψυχα,
752 2253 793 2306 καί
805 2254 907 2323 γνώμην
918 2251 981 2322 ἔχει,

339 2343 457 2410 γυναῖκες
468 2340 548 2410 ε’σμὲν
560 2340 719 2394 ἀθλιώτατον
728 2339 820 2411 φῦτον.

166 2461 288 2554 Atque
308 2464 345 2534 id
365 2472 615 2558 argumentum
640 2485 711 2533 non
736 2463 857 2555 pannis
884 2461 1126 2554 persequitur:
1154 2462 1213 2531 de-

165 2579 247 2648 inde
264 2581 362 2670 quasi
384 2580 427 2648 ad
451 2580 653 2671 exemplum
681 2602 718 2648 se
744 2602 877 2669 suaque
903 2578 1055 2668 subjicit.
1109 2577 1214 2659 Quid,

166 2717 243 2785 quae
260 2693 284 2764 J
285 2717 380 2774 ason,
395 2695 552 2785 ejusdem
572 2694 683 2762 ferme
701 2695 801 2762 exitu
818 2691 974 2763 fubnlae?
1001 2714 1119 2761 nonne
1137 2692 1215 2760 rhe-

166 2817 283 2878 torum
312 2813 424 2904 magis
452 2810 628 2880 officinam
657 2832 763 2899 quam
789 2807 957 2877 affectum
987 2808 1130 2898 sepiunt
1158 2829 1216 2897 pe·

166 2921 354 2995 ternumb?

364 3037 397 3092 ί)
408 3040 495 3108 μίσος,
509 3037 529 3092 ὦ
541 3037 665 3108 μέγιστον
677 3035 786 3106 ε’χθιστὴ
798 3033 881 3106 γύναι,

379 3125 433 3194 ἥτις
445 3124 558 3180 τέκνοισι
572 3128 660 3179 σοῖσιν
673 3124 795 3190 ἐμβαλεῖν
807 3122 885 3192 ξίφος

376 3212 453 3280 ἔτλης
465 3215 586 3274 τεκοῦσα,
600 3209 655 3279 κᾶμ’
669 3207 754 3263 ἄπαιδ’
767 3208 914 3263 ἀπολέσας·

377 3299 419 3352 καί
431 3302 509 3352 ταῦτα
523 3295 644 3367 δράσασ’,
657 3294 732 3364 ἥλιόν
743 3316 771 3347 τε
782 3291 961 3363 προσβλέπεις

379 3386 420 3438 καὶ
432 3388 516 3455 γαῖαν,
529 3385 605 3454 ἔργον
617 3384 703 3436 τλᾶσο
716 3379 939 3448 δυσσεβεστάτην·

380 3468 453 3523 ὄλοί·
473 3470 524 3540 ἐγὼ
537 3470 564 3522 δὲ
577 3473 621 3523 νῦν
633 3472 732 3539 φρονῶ,
745 3465 797 3521 τότ’
811 3467 842 3520 οὐ
853 3468 966 3537 φρονῶν,

377 3555 413 3610 ὅτ’
426 3558 454 3610 ἐκ
467 3558 551 3626 δόμων
564 3579 596 3610 σε
607 3556 744 3624 βαρβάρου
756 3552 777 3608 τ’
791 3553 842 3608 ἀπὸ
854 3553 948 3623 χθονὸς

372 3641 479 3711 ’Ἕλλην’
493 3643 519 3698 ε“ς
531 3639 600 3696 οἶκον
611 3639 718 3711 ἠγόμην,
732 3641 808 3693 κακὸν
819 3638 894 3709 μέγα,

376 3732 474 3800 πατρός
485 3752 514 3784 τε
526 3730 567 3782 καὶ
579 3731 627 3800 γῆς
637 3728 769 3797 προδότιν,
782 3727 800 3795 ἥ
811 3724 836 3780 σ’
849 3724 991 3795 ἐθρέψατο.

167 3853 311 3936 Quanto
324 3853 463 3933 rectius,
475 3861 678 3942 quantoque
692 3849 735 3917 ad
753 3856 914 3918 naturam
932 3846 1086 3938 propino,
1102 3844 1217 3916 shak-

166 3992 287 4063 sperus
310 3967 453 4048 Noster,
476 3967 574 4036 nullo
597 3988 712 4056 neque
738 3964 856 4034 sonitu
883 3962 1082 4042 verborum,
1100 3983 1215 4052 neque

272 4228 286 4258 Β
304 4218 397 4289 Eurip.
410 4217 481 4272 Med.
496 4217 556 4271 216.
919 4211 934 4250 b
950 4210 1014 4265 ibid.
1030 4225 1109 4281 1520.
