2768 4876
168 293 234 359 686
421 295 603 359 Testimonio
617 294 655 358 do
669 295 807 359 Memmii
821 298 965 363 amentia.
999 319 1094 362 esau
1108 321 1220 364 xxxrv.

169 469 371 561 scripsisset,
399 470 538 559 propria
567 490 604 536 se
635 490 742 538 manu
768 470 956 554 interiecit,
982 494 1076 541 anno
1102 472 1222 542 aetatis

170 585 435 676 quadragesimo
458 591 582 674 quarto
594 579 640 653 ‘¹3’

225 700 330 784 Quod
362 708 481 770 autern
510 700 560 769 ait
585 700 691 780 idem,
718 700 927 772 Ciceronem
952 711 1077 795 postea
1102 725 1223 772 emen·

170 817 305 886 davisse
335 815 493 885 Lucretii
524 815 641 896 libros,
670 816 787 886 nescio
817 841 862 888 an
888 842 931 888 eo
957 820 1031 888 veri
1058 819 1223 889 rideatur

170 934 328 1016 similius,
350 933 443 1024 quod
471 934 508 1002 iu
534 933 683 1024 epistola
701 935 778 1025 jam
804 943 888 1005 ante
913 936 1061 1006 anobis
1087 958 1223 1006 memo-

169 1056 255 1130 rata,
283 1047 457 1139 significat
486 1048 561 1138 ipse
587 1046 721 1130 Cicero,
747 1071 786 1118 se
812 1051 917 1120 modo
942 1051 1018 1141 jam
1049 1052 1127 1142 ejus
1156 1052 1221 1120 viri

170 1186 290 1233 versus
308 1163 455 1256 legisse3
480 1165 661 1233 mentione
680 1163 785 1234 simul
805 1165 900 1235 facta
917 1164 1077 1236 Sallustii
1101 1166 1222 1236 nescio

169 1279 278 1369 cujus,
298 1279 356 1369 qui
382 1279 567 1369 scripserat
586 1279 825 1371 Empedoclea
841 1284 1010 1371 quaedam,
1031 1304 1177 1352 carmen
1201 1304 1223 1351 a

170 1394 392 1464 Lucretianis
409 1393 504 1464 haud
521 1396 665 1464 omnino
680 1394 847 1477 alienum,
858 1398 952 1488 quod
971 1398 1014 1467 ad
1032 1397 1221 1468 materiem

170 1519 265 1581 certe
282 1511 432 1580 attinet:
459 1511 565 1580 modo
582 1513 666 1582 satis
687 1521 784 1582 recte
802 1514 1004 1604 conjectura
1020 1515 1185 1606 capiatur
1201 1536 1221 1582 e

169 1628 323 1696 nomine.

220 1742 291 1812 Sed
309 1743 494 1812 redeamus
510 1743 555 1811 ad
572 1742 744 1812 insaniam
763 1743 939 1814 Lucretii:
967 1767 1045 1836 quae
1062 1767 1147 1814 cum
1160 1766 1223 1813 ex-

169 1859 294 1949 pressis
312 1858 428 1928 verbis
445 1858 489 1927 ab
510 1857 665 1928 Eusebio
682 1868 852 1941 narratur,
873 1867 951 1928 tum
968 1858 1139 1928 credibile
1157 1867 1222 1940 est,

169 1975 266 2066 tangi
284 1996 362 2043 eam
380 1997 402 2044 a
420 1973 547 2056 Statio,
563 1983 770 2043 recensente
793 1996 922 2066 magna
939 1975 1134 2044 Poetarum
1154 1973 1224 2044 La·

169 2088 324 2157 tinorum
342 2088 530 2158 nomina⁰z

381 2206 459 2262 Cedit
472 2208 554 2263 Musa
566 2207 640 2261 rudis
651 2207 747 2262 ferocis
760 2207 840 2273 Enni,

380 2294 416 2347 Et
428 2294 500 2349 docti
503 2295 587 2363 furor
599 2293 696 2347 arduus
709 2293 824 2356 Lucreti,

381 2378 417 2433 Et
429 2379 475 2450 qui
487 2398 533 2449 per
545 2379 611 2433 freta
623 2378 697 2433 ducit
709 2379 886 2449 Argonautas,

380 2465 416 2519 Et
428 2466 474 2537 qui
487 2483 598 2536 corpora
609 2465 695 2536 prima
706 2465 886 2536 transfigurat.

342 2549 351 2558 '⁷
381 2553 454 2611 Quin
468 2554 552 2623 magis
564 2555 675 2624 loquor:
694 2553 752 2622 ipsa
763 2561 790 2605 te
803 2552 905 2605 Latinis

380 2639 473 2691 AEneis
487 2638 655 2692 venerabitur
668 2647 814 2693 canentem.

218 2751 310 2820 Haec
334 2750 404 2834 ille,
425 2751 609 2821 Lucanum
638 2753 800 2821 laudibus
826 2750 984 2832 efferens,
1003 2751 1142 2822 collatis
1160 2755 1219 2844 qui

166 2878 272 2937 antea
297 2868 453 2935 maxime
478 2867 692 2958 placuerant,
722 2867 848 2946 Ennio,
873 2866 1052 2950 Lucretio,
1073 2868 1220 2939 Valerio

167 2984 307 3063 Flacco,
331 2982 481 3064 Ovidio;
508 2984 617 3051 immo
643 3005 689 3050 ne
712 2981 905 3074 Virgilium
931 2981 1075 3073 quidem
1101 2984 1218 3076 ipsum

166 3099 210 3167 ab
231 3099 293 3167 illa
311 3099 573 3190 comparatione
599 3097 830 3167 eximendum
856 3106 971 3189 putat.
1025 3098 1129 3182 Quod
1158 3124 1220 3170 au·

166 3225 240 3281 tem
274 3213 439 3282 Lucretio
475 3223 593 3282 nostro
628 3214 754 3282 tribuit
789 3223 867 3282 tum
899 3214 1107 3297 doctrinam,
1138 3225 1217 3286 tum

166 3329 315 3397 arduum
342 3329 517 3420 quendam
547 3330 713 3411 furorem,
740 3329 867 3398 videtis
894 3328 930 3398 id
958 3329 1117 3420 profecto
1144 3354 1218 3400 non

166 3443 259 3512 male
285 3445 322 3512 in
349 3466 430 3512 eum
457 3445 656 3526 convenire,
674 3446 733 3536 qui
761 3445 947 3535 scripserit,
966 3453 1007 3512 ut
1032 3445 1082 3512 ait
1105 3444 1217 3516 Euse-

166 3559 256 3641 biae,
275 3559 427 3628 alienata
444 3567 576 3640 mente,
594 3582 657 3650 per
673 3558 860 3628 intervalla
877 3557 1002 3626 morbi.

217 3677 345 3768 Neque
372 3698 455 3744 vero
486 3676 677 3765 quidquam
711 3674 820 3743 habet
854 3696 896 3742 ca
930 3673 1091 3752 narratio,
1120 3676 1215 3764 quod

165 3814 305 3883 prorsus
323 3793 496 3881 discrepet
523 3790 567 3858 ab
589 3791 698 3881 ipsius
716 3789 910 3858 carminum
930 3796 1063 3855 tenore.
1117 3787 1216 3857 Nam

166 3906 259 3995 quod
278 3929 351 3975 rem
372 3927 513 3974 ornnem
536 3905 741 3995 exsequitur
759 3904 858 3994 justo
881 3902 1013 3983 ordine,
1031 3899 1217 3971 subtilissi-

165 4022 232 4090 mis
249 4022 473 4113 argumentis,
493 4019 669 4110 exquisito
692 4043 732 4088 ac
757 4019 879 4087 limato
902 4015 1043 4087 dicendi
1063 4038 1215 4108 genere;

201 4205 215 4242 ‘¹
234 4206 332 4260 Euseb.
346 4225 388 4276 ap.
404 4205 559 4277 Hieronym.
575 4205 619 4258 Ol.
636 4218 694 4275 171.
708 4224 733 4269 4.
746 4212 766 4256 t.
780 4205 805 4257 8.
819 4219 880 4274 591.
970 4214 983 4242 θ
1003 4203 1075 4272 Sylo.
1091 4220 1116 4257 2.
1131 4217 1156 4274 7.
1171 4218 1214 4274 75.
